price,volume,time,buy/sell,market/limit,misc
2687.02000,0.01078921,2025-02-15 14:53:51.899621010,s,m,
2687.02000,0.02732708,2025-02-15 14:53:51.899621010,s,m,
2686.16000,0.16800145,2025-02-15 14:54:44.275379181,b,l,
2686.16000,0.02908506,2025-02-15 14:54:44.388176680,b,l,
2687.03000,0.40000000,2025-02-15 14:54:51.334508657,b,l,
2688.33000,0.00247263,2025-02-15 14:55:25.562155962,b,l,
2690.27000,0.00826843,2025-02-15 14:56:09.172335863,s,l,
2690.83000,0.00228820,2025-02-15 14:57:32.441521168,b,m,
2691.06000,0.09376180,2025-02-15 14:57:32.441521168,b,m,
2690.35000,0.00787331,2025-02-15 15:01:09.535815716,s,l,
2692.58000,0.01075297,2025-02-15 15:01:28.645363092,s,l,
2692.57000,0.12959482,2025-02-15 15:01:28.645363092,s,l,
2692.93000,0.01075174,2025-02-15 15:02:09.695263386,s,l,
2692.92000,0.02554682,2025-02-15 15:02:09.695263386,s,l,
2694.26000,0.01506908,2025-02-15 15:04:28.816254616,b,l,
2696.57000,0.17980669,2025-02-15 15:05:51.981276751,b,l,
2696.57000,0.03113434,2025-02-15 15:05:51.981276751,b,l,
2696.57000,0.14867235,2025-02-15 15:05:51.985963821,b,l,
2696.58000,0.13045952,2025-02-15 15:05:51.985963821,b,l,
2696.58000,0.04934717,2025-02-15 15:05:51.988367319,b,l,
2696.58000,0.08370582,2025-02-15 15:05:51.988367319,b,l,
2696.58000,0.10609245,2025-02-15 15:05:51.988367319,b,l,
2696.58000,0.07370076,2025-02-15 15:05:51.994545460,b,l,
2696.58000,0.12721723,2025-02-15 15:05:51.994545460,b,l,
2696.58000,0.00200000,2025-02-15 15:05:52.002212524,b,l,
2696.58000,0.05058048,2025-02-15 15:05:52.025220871,b,l,
2696.58000,0.09609188,2025-02-15 15:05:52.025220871,b,l,
2694.84000,0.00457039,2025-02-15 15:09:38.544226170,b,m,
2695.22000,0.14384114,2025-02-15 15:09:38.544226170,b,m,
2694.83000,0.02714179,2025-02-15 15:09:51.758720636,s,l,
2692.54000,0.17208850,2025-02-15 15:21:16.956273079,s,m,
2689.23000,0.00113571,2025-02-15 15:26:08.042353630,b,l,
2689.20000,2.55200000,2025-02-15 15:29:10.816731215,s,l,
2688.93000,0.77200000,2025-02-15 15:29:10.816731215,s,l,
2688.93000,0.26600000,2025-02-15 15:29:10.816731215,s,l,
2688.28000,0.17326630,2025-02-15 15:31:41.558966398,s,m,
2684.22000,0.18248823,2025-02-15 15:33:58.235818624,b,l,
2688.28000,0.03723885,2025-02-15 15:36:19.285275698,b,l,
2691.83000,0.00183282,2025-02-15 15:46:05.608587027,b,l,
2689.50000,0.84627249,2025-02-15 15:49:49.697876215,b,l,
2689.52000,0.74096547,2025-02-15 15:49:49.697876215,b,l,
2689.78000,0.07028469,2025-02-15 15:53:46.883692265,b,m,
2689.76000,0.03514234,2025-02-15 15:53:49.385560274,b,m,
2688.75000,0.01859600,2025-02-15 15:54:34.241904497,b,m,
2687.72000,0.03515672,2025-02-15 15:55:37.937336922,b,m,
2691.40000,0.03719701,2025-02-15 16:03:42.170638084,b,l,
2692.60000,0.00556902,2025-02-15 16:04:16.766187429,s,m,
2691.43000,0.03715055,2025-02-15 16:05:02.517662287,s,m,
2693.13000,0.13734581,2025-02-15 16:05:19.595337629,s,m,
2693.31000,0.03712448,2025-02-15 16:05:22.897379398,s,m,
2692.50000,0.03634844,2025-02-15 16:05:34.416637421,s,l,
2688.35000,0.04976409,2025-02-15 16:09:37.720456123,s,l,
2687.21000,0.00558197,2025-02-15 16:10:48.087777376,s,m,
2687.21000,0.16461215,2025-02-15 16:11:39.547737598,s,l,
2684.54000,0.00558634,2025-02-15 16:12:24.010679960,s,m,
2685.48000,0.01073571,2025-02-15 16:12:44.262882471,s,l,
2685.47000,1.42558144,2025-02-15 16:12:44.262882471,s,l,
2687.87000,0.05966945,2025-02-15 16:15:52.386485100,b,m,
2687.87000,0.01072686,2025-02-15 16:16:02.928928614,b,l,
2687.87000,0.01072686,2025-02-15 16:16:03.174054623,b,l,
2687.87000,0.01072691,2025-02-15 16:16:03.381941795,b,l,
2687.87000,0.07795780,2025-02-15 16:16:03.629418850,b,l,
2688.99000,0.01072267,2025-02-15 16:16:22.839026213,b,l,
2688.99000,0.01072255,2025-02-15 16:16:23.847921848,b,l,
2688.99000,0.01072255,2025-02-15 16:16:24.270363808,b,l,
2688.99000,0.01072255,2025-02-15 16:16:24.699836016,b,l,
2688.99000,0.01072255,2025-02-15 16:16:25.134921312,b,l,
2688.99000,0.01072256,2025-02-15 16:16:25.568567038,b,l,
2688.99000,0.01072256,2025-02-15 16:16:26.002743721,b,l,
2688.99000,0.08400000,2025-02-15 16:16:26.188694954,b,l,
2688.99000,0.01075027,2025-02-15 16:16:26.191269636,b,l,
2692.48000,0.06271705,2025-02-15 16:18:13.911249638,b,m,
2692.50000,0.03718345,2025-02-15 16:18:20.119800568,b,m,
2692.68000,0.16279782,2025-02-15 16:18:20.119800568,b,m,
2692.50000,0.00388490,2025-02-15 16:18:32.320611477,b,m,
2692.27000,0.25000000,2025-02-15 16:19:34.147418976,b,m,
2692.28000,1.05001430,2025-02-15 16:19:34.147418976,b,m,
2693.70000,0.00301151,2025-02-15 16:20:45.154592514,b,l,
2694.23000,0.01071470,2025-02-15 16:25:34.449389458,s,l,
2694.22000,0.02513633,2025-02-15 16:25:34.449389458,s,l,
2695.41000,0.00202212,2025-02-15 16:28:10.652623892,s,m,
2696.69000,0.01770495,2025-02-15 16:29:49.291556597,b,m,
2696.57000,0.25000000,2025-02-15 16:30:01.710605145,b,l,
2696.58000,1.00000000,2025-02-15 16:30:01.710605145,b,l,
2696.62000,0.74946893,2025-02-15 16:30:01.710605145,b,l,
2694.19000,0.60440032,2025-02-15 16:32:46.226889610,s,l,
2692.64000,0.02268684,2025-02-15 16:33:20.027952671,b,l,
2691.67000,0.01514782,2025-02-15 16:39:56.122207880,b,m,
2691.67000,0.00752644,2025-02-15 16:41:50.990509987,b,m,
2691.57000,0.00679880,2025-02-15 16:41:53.201611280,b,l,
2688.99000,0.03718165,2025-02-15 16:44:31.509750366,s,l,
2688.99000,0.03718165,2025-02-15 16:44:31.509750366,s,l,
2688.99000,0.03718165,2025-02-15 16:44:31.509750366,s,l,
2688.82000,0.18019351,2025-02-15 16:44:33.050933599,s,l,
2687.69000,0.15000001,2025-02-15 16:45:17.252662897,s,l,
2687.69000,0.03019350,2025-02-15 16:45:19.280684710,s,l,
2686.58000,0.17020956,2025-02-15 16:45:41.401633501,s,l,
2686.58000,0.17024122,2025-02-15 16:45:41.401633501,s,l,
2685.60000,0.03722859,2025-02-15 16:45:46.599352360,s,l,
2685.30000,0.00558578,2025-02-15 16:46:00.958937645,s,m,
2686.53000,0.00618937,2025-02-15 16:48:00.649513721,b,m,
2686.65000,0.00544632,2025-02-15 16:49:24.824342966,b,l,
2686.65000,0.16435812,2025-02-15 16:49:28.098465443,b,l,
2687.69000,0.01579119,2025-02-15 16:49:56.691591740,b,l,
2687.71000,0.02322834,2025-02-15 16:49:56.691591740,b,l,
2687.71000,0.00250036,2025-02-15 16:50:02.976948023,b,l,
2685.91000,0.01080234,2025-02-15 16:52:13.066013336,s,m,
2685.90000,0.07001139,2025-02-15 16:52:13.066013336,s,m,
2687.71000,0.00973997,2025-02-15 16:59:49.028925657,b,l,
2687.71000,0.00206333,2025-02-15 17:00:06.295958519,b,l,
2687.71000,0.00779198,2025-02-15 17:00:06.396424770,b,l,
2687.70000,0.01080705,2025-02-15 17:00:30.635171413,s,l,
2687.70000,0.02561223,2025-02-15 17:00:30.635171413,s,l,
2687.71000,0.03814722,2025-02-15 17:00:56.344748020,b,l,
2687.70000,0.03874663,2025-02-15 17:01:19.735474586,s,m,
2687.71000,0.00376109,2025-02-15 17:02:05.204187632,b,l,
2687.71000,0.07918637,2025-02-15 17:02:06.726873636,b,m,
2687.71000,0.01338803,2025-02-15 17:02:17.255174398,b,m,
2687.80000,0.02611960,2025-02-15 17:02:17.255174398,b,m,
2687.80000,0.01081644,2025-02-15 17:02:18.917327404,b,l,
2687.80000,0.01081644,2025-02-15 17:02:19.136023283,b,l,
2687.80000,0.01081644,2025-02-15 17:02:28.630186081,b,l,
2687.80000,0.01081644,2025-02-15 17:02:28.951210022,b,l,
2687.80000,0.01081644,2025-02-15 17:02:29.186829567,b,l,
2687.80000,0.01081644,2025-02-15 17:02:29.624573231,b,l,
2687.80000,0.01081644,2025-02-15 17:02:30.058675051,b,l,
2687.80000,0.01081630,2025-02-15 17:02:30.505703449,b,l,
2687.80000,0.01081629,2025-02-15 17:02:30.936271906,b,l,
2687.80000,0.05633942,2025-02-15 17:02:31.289511442,b,l,
2687.80000,0.06762730,2025-02-15 17:02:31.289511442,b,l,
2687.99000,0.01081553,2025-02-15 17:02:31.523091078,b,l,
2687.99000,0.01081553,2025-02-15 17:02:31.953500032,b,l,
2687.99000,0.01081559,2025-02-15 17:02:32.387286186,b,l,
2687.99000,0.14735106,2025-02-15 17:02:32.464234829,b,l,
2688.07000,0.01081527,2025-02-15 17:02:32.821250916,b,l,
2688.07000,0.01081539,2025-02-15 17:02:34.466431379,b,l,
2688.07000,0.01081539,2025-02-15 17:02:34.900196314,b,l,
2688.07000,0.00526638,2025-02-15 17:02:35.334492683,b,l,
2688.07000,0.00554901,2025-02-15 17:02:35.334492683,b,l,
2688.07000,0.01081539,2025-02-15 17:02:35.766060114,b,l,
2688.07000,0.12571639,2025-02-15 17:02:35.935969114,b,l,
2689.45000,0.00464422,2025-02-15 17:03:07.614852667,b,l,
2693.78000,0.00350522,2025-02-15 17:05:18.215115070,b,l,
2691.72000,0.00036602,2025-02-15 17:06:09.042654276,b,l,
2690.65000,2.36700000,2025-02-15 17:13:51.016971827,s,l,
2690.52000,0.01100618,2025-02-15 17:13:51.016971827,s,l,
2690.51000,7.35516028,2025-02-15 17:13:51.016971827,s,l,
2687.44000,0.01109396,2025-02-15 17:17:57.448937178,b,l,
2687.45000,0.02882446,2025-02-15 17:17:57.448937178,b,l,
2687.76000,0.01109456,2025-02-15 17:18:17.775482893,s,m,
2687.75000,0.00448293,2025-02-15 17:18:17.775482893,s,m,
2687.26000,0.04148842,2025-02-15 17:19:44.519871235,s,m,
2687.26000,0.12870672,2025-02-15 17:20:13.993427992,s,l,
2686.07000,0.00629017,2025-02-15 17:21:40.406096220,s,l,
2686.07000,0.03093189,2025-02-15 17:21:40.433746338,s,l,
2685.94000,0.00670596,2025-02-15 17:23:16.844221354,s,l,
2685.40000,0.00478677,2025-02-15 17:26:45.493822813,b,l,
2685.40000,0.03243638,2025-02-15 17:26:45.493822813,b,l,
2684.17000,0.07042442,2025-02-15 17:31:30.752820253,s,l,
2684.17000,0.09982599,2025-02-15 17:31:39.165340185,s,l,
2683.20000,0.03642424,2025-02-15 17:35:30.566128969,s,l,
2681.87000,0.18020027,2025-02-15 17:35:32.206403732,s,l,
2681.48000,0.01135307,2025-02-15 17:42:48.026159763,s,m,
2681.47000,0.02719870,2025-02-15 17:42:48.026159763,s,m,
2683.37000,0.01134536,2025-02-15 17:46:50.858603001,s,m,
2683.37000,0.08265621,2025-02-15 17:46:50.858603001,s,m,
2683.37000,0.00789294,2025-02-15 17:47:16.545909166,s,l,
2683.38000,0.17980669,2025-02-15 17:47:50.585395575,b,l,
2683.38000,0.06652139,2025-02-15 17:47:50.585395575,b,l,
2683.37000,0.00618937,2025-02-15 17:49:11.254397631,s,m,
2683.38000,0.00565481,2025-02-15 17:50:41.944443941,b,l,
2683.38000,0.10763049,2025-02-15 17:51:20.094035149,b,l,
2685.02000,0.00563000,2025-02-15 17:51:21.755677223,s,m,
2682.63000,0.39818916,2025-02-15 17:54:09.033909082,b,l,
2682.87000,0.01140532,2025-02-15 17:55:45.205200672,s,m,
2685.02000,0.03729093,2025-02-15 18:02:28.911042929,b,l,
2685.02000,0.03727592,2025-02-15 18:02:28.911042929,b,l,
2685.02000,0.07461123,2025-02-15 18:02:28.911042929,b,l,
2685.03000,0.03641066,2025-02-15 18:02:28.911042929,b,l,
2687.14000,0.01142844,2025-02-15 18:02:34.250284432,s,m,
2687.13000,0.37693148,2025-02-15 18:02:34.250284432,s,m,
2687.82000,0.00595278,2025-02-15 18:04:25.012761354,b,l,
2689.58000,0.01114957,2025-02-15 18:05:15.294433355,b,l,
2690.51000,0.03720199,2025-02-15 18:05:44.718011618,b,l,
2690.51000,0.03720185,2025-02-15 18:05:44.718011618,b,l,
2692.16000,0.00670596,2025-02-15 18:06:15.917665005,b,m,
2691.66000,0.05572769,2025-02-15 18:06:22.318714142,b,m,
2692.00000,0.00593933,2025-02-15 18:07:20.790491343,b,l,
2691.94000,0.00594239,2025-02-15 18:09:28.791423082,b,l,
2690.16000,0.01115067,2025-02-15 18:10:52.950188875,s,m,
2690.78000,0.06631984,2025-02-15 18:12:58.745825768,b,m,
2690.23000,0.06928261,2025-02-15 18:14:04.773830652,b,m,
2690.66000,0.25421280,2025-02-15 18:14:20.512914180,b,m,
2690.49000,0.02311915,2025-02-15 18:15:04.773725033,b,m,
2690.10000,0.00446081,2025-02-15 18:15:08.098853588,s,l,
2690.10000,0.06552852,2025-02-15 18:15:08.098853588,s,l,
2690.17000,0.06335411,2025-02-15 18:16:39.500910521,s,l,
2690.04000,0.00297150,2025-02-15 18:18:51.124601364,s,m,
2690.04000,0.00148941,2025-02-15 18:18:56.857258320,s,l,
2687.34000,0.00212310,2025-02-15 18:19:11.556561232,b,m,
2689.69000,0.01040330,2025-02-15 18:20:28.652334929,s,m,
2690.25000,0.01040014,2025-02-15 18:20:52.825640440,s,m,
2692.14000,0.03073676,2025-02-15 18:23:31.927544355,s,m,
2692.15000,0.37519557,2025-02-15 18:23:45.668432236,s,l,
2692.67000,0.10238582,2025-02-15 18:26:14.807005882,b,m,
2692.58000,0.00594206,2025-02-15 18:26:25.826333523,b,l,
2692.56000,0.00594226,2025-02-15 18:26:30.703269005,b,l,
2692.24000,0.14087495,2025-02-15 18:26:37.954843283,b,l,
2692.58000,0.01150501,2025-02-15 18:27:44.058480501,s,l,
2692.57000,16.30643909,2025-02-15 18:27:44.058480501,s,l,
2695.95000,0.03629010,2025-02-15 18:32:01.299442053,b,l,
2696.69000,0.16210174,2025-02-15 18:32:01.299442053,b,l,
2696.76000,0.17214662,2025-02-15 18:32:01.299442053,b,l,
2695.95000,0.19000000,2025-02-15 18:32:40.498619795,s,l,
2696.42000,0.00202417,2025-02-15 18:33:07.015300989,b,m,
2696.43000,0.00539276,2025-02-15 18:33:07.015300989,b,m,
2696.79000,0.17977524,2025-02-15 18:33:31.822293997,b,l,
2698.93000,0.00823328,2025-02-15 18:33:32.584144115,b,l,
2700.64000,0.24058185,2025-02-15 18:33:33.520244122,b,l,
2700.65000,0.06658015,2025-02-15 18:33:33.520244122,b,l,
2699.04000,0.00398045,2025-02-15 18:33:41.973454237,b,l,
2699.05000,1.84778224,2025-02-15 18:33:41.973454237,b,l,
2699.41000,0.00394833,2025-02-15 18:34:55.180997610,b,m,
2699.42000,0.99605167,2025-02-15 18:34:55.180997610,b,m,
2698.71000,0.00182536,2025-02-15 18:35:50.036625624,b,l,
2698.71000,0.00520824,2025-02-15 18:37:08.968776464,b,m,
2698.71000,0.04329574,2025-02-15 18:37:08.968776464,b,m,
2698.70000,0.00224936,2025-02-15 18:38:57.092097521,s,m,
2698.70000,0.07780096,2025-02-15 18:40:43.142278910,s,l,
2698.70000,0.09014597,2025-02-15 18:40:43.142278910,s,l,
2698.70000,0.00200000,2025-02-15 18:40:43.142278910,s,l,
2696.62000,0.00670000,2025-02-15 18:47:11.838335276,b,l,
2698.71000,0.22232844,2025-02-15 18:47:16.277856350,b,l,
2701.40000,0.00253965,2025-02-15 18:47:23.681093216,b,m,
2701.41000,0.01858514,2025-02-15 18:47:23.681093216,b,m,
2703.37000,0.00398342,2025-02-15 18:48:37.175491095,b,l,
2706.83000,0.04136745,2025-02-15 18:49:10.458047152,s,l,
2701.92000,0.01153362,2025-02-15 18:50:07.113936901,s,l,
2701.85000,0.77200000,2025-02-15 18:50:07.113936901,s,l,
2702.59000,0.00210000,2025-02-15 18:50:27.870115280,s,m,
2702.27000,0.00367304,2025-02-15 18:51:09.539494514,b,m,
2702.28000,0.25000000,2025-02-15 18:51:09.539494514,b,m,
2702.30000,0.11118683,2025-02-15 18:51:09.539494514,b,m,
2702.11000,0.00355083,2025-02-15 18:51:49.135494709,b,m,
2702.12000,0.25000000,2025-02-15 18:51:49.135494709,b,m,
2702.13000,0.07449596,2025-02-15 18:51:49.135494709,b,m,
2702.03000,0.01154960,2025-02-15 18:53:08.270235538,s,m,
2702.02000,0.62277560,2025-02-15 18:53:08.270235538,s,m,
2702.43000,0.00654509,2025-02-15 18:53:22.848594666,s,l,
2702.91000,0.25000000,2025-02-15 18:59:42.364455700,b,m,
2702.92000,0.04415517,2025-02-15 18:59:42.364455700,b,m,
2704.80000,0.00182125,2025-02-15 19:00:45.054486275,b,l,
2704.07000,0.01156699,2025-02-15 19:04:47.757410526,s,l,
2704.06000,0.07843301,2025-02-15 19:04:47.757410526,s,l,
2704.37000,0.01158941,2025-02-15 19:09:17.925757647,s,m,
2704.36000,15.07348597,2025-02-15 19:09:17.925757647,s,m,
2701.95000,0.01161738,2025-02-15 19:14:33.836252928,s,m,
2701.94000,0.01890843,2025-02-15 19:14:33.836252928,s,m,
2699.82000,0.00719997,2025-02-15 19:16:01.225587606,b,l,
2699.83000,0.06507387,2025-02-15 19:16:01.225587606,b,l,
2699.79000,0.00721783,2025-02-15 19:16:02.514457703,b,m,
2699.80000,0.03412643,2025-02-15 19:16:02.514457703,b,m,
2699.77000,0.00717986,2025-02-15 19:16:04.295661211,b,m,
2700.32000,0.06601642,2025-02-15 19:16:04.295661211,b,m,
2700.18000,0.00594206,2025-02-15 19:16:04.883047342,s,m,
2700.07000,0.01163918,2025-02-15 19:16:49.281995773,s,l,
2700.06000,0.03836082,2025-02-15 19:16:49.281995773,s,l,
2700.18000,0.00594226,2025-02-15 19:16:52.437046051,s,m,
2702.66000,0.08955566,2025-02-15 19:20:29.868016958,s,m,
2703.15000,0.05000000,2025-02-15 19:21:18.774338961,s,l,
2702.66000,0.00665888,2025-02-15 19:21:26.937381268,b,l,
2702.66000,0.00724923,2025-02-15 19:21:27.854473591,b,l,
2702.98000,0.00976790,2025-02-15 19:21:27.854473591,b,l,
2703.09000,0.01163729,2025-02-15 19:22:08.102979660,s,l,
2703.08000,0.14836271,2025-02-15 19:22:08.102979660,s,l,
2703.49000,0.00595278,2025-02-15 19:22:16.313786030,b,m,
2703.49000,0.00665807,2025-02-15 19:22:21.371745110,b,l,
2703.49000,0.00044342,2025-02-15 19:26:21.566344023,b,l,
2704.12000,0.00693488,2025-02-15 19:28:34.535225868,b,m,
2704.29000,0.77200000,2025-02-15 19:28:34.535225868,b,m,
2704.30000,0.13977855,2025-02-15 19:28:34.535225868,b,m,
2702.55000,0.00547266,2025-02-15 19:31:13.265479564,b,l,
2702.54000,0.00665888,2025-02-15 19:33:52.437295198,s,m,
2702.54000,0.00665807,2025-02-15 19:34:16.038308382,s,m,
2702.55000,0.00436400,2025-02-15 19:34:50.611387968,b,m,
2702.55000,0.00093421,2025-02-15 19:34:50.611388206,b,m,
2702.54000,0.00591608,2025-02-15 19:35:51.953373432,s,m,
2702.55000,0.00666038,2025-02-15 19:36:27.012015820,b,l,
2702.55000,0.01702097,2025-02-15 19:36:27.814001799,b,l,
2702.55000,0.00666038,2025-02-15 19:37:21.875378132,b,l,
2702.54000,0.03076697,2025-02-15 19:37:25.175981760,s,l,
2702.54000,0.11488261,2025-02-15 19:37:25.175981760,s,l,
2702.54000,0.03312630,2025-02-15 19:37:25.645263195,s,l,
2702.54000,0.01900000,2025-02-15 19:37:25.645263195,s,l,
2700.65000,0.00555422,2025-02-15 19:37:33.142412424,s,m,
2700.65000,0.00555422,2025-02-15 19:37:33.142412424,s,m,
2700.95000,0.00200000,2025-02-15 19:38:38.318501949,s,m,
2698.98000,0.00340703,2025-02-15 19:39:27.822595596,b,m,
2698.67000,0.00200000,2025-02-15 19:40:11.355919361,s,l,
2697.12000,0.01170357,2025-02-15 19:42:52.120086908,s,m,
2697.11000,0.00051103,2025-02-15 19:42:52.120086908,s,m,
2696.96000,0.01822000,2025-02-15 19:43:07.217896700,s,l,
2696.61000,0.01221460,2025-02-15 19:43:16.302902460,s,m,
2696.89000,0.03232337,2025-02-15 19:44:08.533611536,s,m,
2697.36000,0.01701713,2025-02-15 19:44:40.370288134,s,m,
2696.61000,0.07100000,2025-02-15 19:47:42.762576580,s,m,
2696.61000,0.07227384,2025-02-15 19:48:41.987557650,s,l,
2696.96000,0.02196970,2025-02-15 19:50:09.718228102,s,m,
2696.62000,0.00935987,2025-02-15 19:50:46.966072321,b,l,
2696.62000,0.49064013,2025-02-15 19:50:46.966072321,b,l,
2696.62000,0.00615774,2025-02-15 19:51:13.882249832,b,m,
2696.61000,0.01172386,2025-02-15 19:52:03.826959848,s,l,
2696.61000,0.00298399,2025-02-15 19:52:04.452901840,s,l,
2696.61000,0.00874137,2025-02-15 19:52:04.452901840,s,l,
2696.61000,0.01172537,2025-02-15 19:52:04.887607574,s,l,
2696.61000,0.01172537,2025-02-15 19:52:05.318808794,s,l,
2696.61000,0.15322587,2025-02-15 19:52:05.362363577,s,l,
2696.61000,0.03708359,2025-02-15 19:52:05.362363577,s,l,
2696.60000,0.00200000,2025-02-15 19:52:05.362363577,s,l,
2694.23000,0.01172579,2025-02-15 19:52:41.343106508,b,m,
2694.24000,0.15424520,2025-02-15 19:52:41.343106508,b,m,
2694.29000,0.01172598,2025-02-15 19:52:47.929996252,s,m,
2694.29000,0.00744909,2025-02-15 19:52:47.929996252,s,m,
2692.54000,0.02660000,2025-02-15 19:56:04.618932486,s,m,
2692.55000,0.01173254,2025-02-15 19:56:23.328098536,b,l,
2692.55000,18.56697590,2025-02-15 19:56:23.328098536,b,l,
2692.55000,0.72912968,2025-02-15 19:56:23.328098536,b,l,
2692.55000,1.00000000,2025-02-15 19:56:23.328098536,b,l,
2692.55000,0.84627249,2025-02-15 19:56:23.328098536,b,l,
2692.55000,0.00552374,2025-02-15 19:56:23.328098536,b,l,
2692.55000,0.63000000,2025-02-15 19:56:23.328098536,b,l,
2692.55000,15.32341817,2025-02-15 19:56:23.328098536,b,l,
2694.78000,0.11838309,2025-02-15 20:07:15.768059254,s,m,
2692.56000,0.01182812,2025-02-15 20:16:03.269497633,b,m,
2692.56000,0.25000000,2025-02-15 20:16:03.269497633,b,m,
2692.56000,0.85235318,2025-02-15 20:16:03.269497633,b,m,
2692.55000,0.03713249,2025-02-15 20:17:37.113933563,s,l,
2692.55000,0.03713249,2025-02-15 20:17:37.113933563,s,l,
2692.55000,0.03713249,2025-02-15 20:17:37.113933563,s,l,
2687.09000,1.00000000,2025-02-15 20:28:28.471891165,s,l,
2687.09000,0.60000000,2025-02-15 20:28:28.471891403,s,l,
2687.09000,0.25000000,2025-02-15 20:28:28.471891403,s,l,
2687.09000,2.69546368,2025-02-15 20:28:28.471891403,s,l,
2689.73000,0.00725702,2025-02-15 20:35:17.189146042,b,l,
2684.93000,0.00400000,2025-02-15 20:41:42.404400110,b,m,
2685.23000,0.03432502,2025-02-15 20:41:42.404400110,b,m,
2684.50000,0.25251133,2025-02-15 20:42:22.003780603,s,l,
2682.25000,0.05442789,2025-02-15 20:43:16.796979904,b,l,
2682.76000,0.03127210,2025-02-15 20:44:50.791572332,s,l,
2683.00000,0.03727046,2025-02-15 20:47:16.823638678,s,m,
2682.88000,0.05046500,2025-02-15 20:47:36.008256197,s,l,
2681.83000,0.02721750,2025-02-15 20:48:53.575137138,b,l,
2681.82000,0.01864405,2025-02-15 20:50:50.140199900,s,l,
2682.00000,0.08187008,2025-02-15 20:55:47.487113714,b,l,
2682.00000,0.09793661,2025-02-15 20:55:47.487113714,b,l,
2683.80000,0.01503316,2025-02-15 20:57:10.513130665,b,m,
2685.00000,0.24121000,2025-02-15 21:00:17.324462652,b,m,
2687.60000,0.12951661,2025-02-15 21:00:17.324462652,b,m,
2688.52000,0.50000000,2025-02-15 21:00:46.313759565,b,m,
2688.95000,0.00446428,2025-02-15 21:00:52.081180573,b,l,
2689.84000,1.85884662,2025-02-15 21:02:52.150449038,s,m,
2689.85000,0.03721321,2025-02-15 21:05:43.274115801,b,l,
2689.85000,0.03722748,2025-02-15 21:05:43.274115801,b,l,
2691.92000,0.01194637,2025-02-15 21:05:56.755305052,s,l,
2691.91000,0.00773535,2025-02-15 21:05:56.755305052,s,l,
2690.83000,0.01195515,2025-02-15 21:08:34.546565533,s,m,
2690.83000,0.02519583,2025-02-15 21:08:34.546565533,s,m,
2691.04000,0.18260010,2025-02-15 21:09:00.080200672,b,l,
2691.90000,0.00826495,2025-02-15 21:13:14.108633518,s,l,
2691.90000,0.02300000,2025-02-15 21:15:48.040917635,s,l,
2691.19000,0.01114748,2025-02-15 21:22:24.894808769,s,m,
2691.90000,0.00500000,2025-02-15 21:26:13.932420731,s,m,
2691.76000,0.00843998,2025-02-15 21:32:02.842807055,b,m,
2691.79000,0.00886762,2025-02-15 21:32:02.842807055,b,m,
2691.19000,0.01123149,2025-02-15 21:33:35.550268650,b,l,
2691.60000,0.01702097,2025-02-15 21:37:03.801029921,s,m,
2691.68000,0.00668745,2025-02-15 21:37:18.959098577,s,l,
2691.90000,0.00668917,2025-02-15 21:40:16.564246178,s,l,
2691.91000,0.00668917,2025-02-15 21:40:17.664667368,b,m,
2691.91000,0.00668745,2025-02-15 21:40:20.092730284,b,m,
2691.91000,0.02380199,2025-02-15 21:41:27.568690777,b,l,
2691.91000,0.02380199,2025-02-15 21:41:27.568690777,b,l,
2692.55000,0.02380199,2025-02-15 21:41:33.955112696,b,m,
2692.55000,0.15600470,2025-02-15 21:41:39.068073511,b,l,
2692.55000,0.17980669,2025-02-15 21:41:39.068073511,b,l,
2692.55000,0.01242656,2025-02-15 21:41:39.068073511,b,l,
2692.58000,0.03633782,2025-02-15 21:41:39.068073511,b,l,
2692.60000,0.06473041,2025-02-15 21:41:39.068073511,b,l,
2695.95000,0.00738249,2025-02-15 21:41:44.122594118,b,m,
2696.41000,0.18485076,2025-02-15 21:41:44.122594118,b,m,
2696.78000,0.00760307,2025-02-15 21:43:20.605972767,b,m,
2696.78000,0.03686333,2025-02-15 21:43:20.605972767,b,m,
2696.79000,0.17980669,2025-02-15 21:45:33.241429090,b,l,
2698.42000,0.16977584,2025-02-15 21:45:48.687551975,b,l,
2699.92000,0.00378132,2025-02-15 21:46:14.794957638,b,l,
2699.92000,0.00214358,2025-02-15 21:46:14.794957876,b,l,
2699.63000,0.00372492,2025-02-15 21:46:18.699893236,b,l,
2699.63000,0.00220119,2025-02-15 21:46:18.699893236,b,l,
2699.06000,12.22300000,2025-02-15 21:50:08.041958094,s,m,
2698.91000,0.41447709,2025-02-15 21:50:08.041958094,s,m,
2700.85000,0.20755814,2025-02-15 21:52:34.008191824,s,l,
2701.03000,0.03845708,2025-02-15 21:53:02.837686539,b,m,
2701.89000,0.77200000,2025-02-15 21:53:43.836459398,b,m,
2701.89000,0.22800000,2025-02-15 21:53:43.836459398,b,m,
2700.85000,0.02964906,2025-02-15 22:03:12.898411274,b,m,
2701.80000,0.00823086,2025-02-15 22:06:28.372344732,s,l,
2703.46000,0.15766816,2025-02-15 22:12:04.764301777,b,m,
2704.52000,0.01867424,2025-02-15 22:13:26.183031321,s,l,
2699.30000,0.03649915,2025-02-15 22:20:03.573261738,b,l,
2699.30000,0.00220390,2025-02-15 22:21:17.391214371,b,l,
2699.29000,0.03703977,2025-02-15 22:23:12.802030802,s,l,
2698.60000,0.03774997,2025-02-15 22:23:12.802030802,s,l,
2698.02000,0.00444770,2025-02-15 22:27:18.734383821,s,l,
2697.73000,0.00444819,2025-02-15 22:27:19.188030005,s,l,
2697.46000,0.17019144,2025-02-15 22:27:22.878754139,s,l,
2696.57000,0.00200000,2025-02-15 22:28:15.556983948,s,m,
2694.71000,0.00392490,2025-02-15 22:28:15.556983948,s,m,
2694.55000,0.00592611,2025-02-15 22:28:15.682152033,s,m,
2694.33000,0.00444819,2025-02-15 22:28:16.734892845,s,m,
2694.35000,0.00444770,2025-02-15 22:28:17.199790955,s,m,
2693.42000,0.00398076,2025-02-15 22:34:04.797382355,b,m,
2693.43000,0.08240130,2025-02-15 22:34:04.797382355,b,m,
2690.32000,0.01192766,2025-02-15 22:37:17.011759520,s,m,
2690.31000,0.00728597,2025-02-15 22:37:17.011759520,s,m,
2690.42000,0.01192728,2025-02-15 22:40:11.393357992,s,m,
2690.41000,0.01906818,2025-02-15 22:40:11.393357992,s,m,
2689.89000,0.07521172,2025-02-15 22:43:14.757648468,b,m,
2692.81000,0.00398348,2025-02-15 22:52:12.780897856,s,l,
2693.12000,0.01578096,2025-02-15 22:52:34.363644361,b,l,
2692.72000,0.07496242,2025-02-15 22:55:02.449360609,s,l,
2694.30000,0.01191364,2025-02-15 23:01:11.760080576,s,l,
2694.29000,1.86107851,2025-02-15 23:01:11.760080576,s,l,
2693.88000,0.01017498,2025-02-15 23:04:50.445804596,b,l,
2693.84000,0.00825066,2025-02-15 23:10:09.443822861,s,l,
2695.42000,0.07914665,2025-02-15 23:22:13.416765928,b,l,
2697.35000,0.02401219,2025-02-15 23:25:51.423126221,b,l,
2697.12000,0.01309124,2025-02-15 23:27:23.821789265,s,l,
2697.05000,0.00229592,2025-02-15 23:27:47.146123171,s,m,
2696.86000,0.00593129,2025-02-15 23:36:18.360935926,b,l,
2696.78000,0.00306313,2025-02-15 23:37:01.980103731,s,m,
2696.39000,0.01664307,2025-02-15 23:37:30.212084532,b,l,
2694.97000,0.04040000,2025-02-15 23:44:27.443312407,b,m,
2694.96000,0.00445276,2025-02-15 23:45:06.331759453,s,l,
2690.01000,0.01038405,2025-02-15 23:46:51.813073397,s,m,
2690.19000,0.01114913,2025-02-15 23:52:20.730623484,s,l,
2693.15000,0.01192823,2025-02-16 00:00:31.842599869,s,l,
2693.14000,0.17542938,2025-02-16 00:00:31.842599869,s,l,
2691.46000,0.00615774,2025-02-16 00:01:51.657181501,s,m,
2690.76000,0.03567765,2025-02-16 00:02:59.762145519,b,m,
2690.76000,0.01304000,2025-02-16 00:03:00.569743633,b,m,
2690.52000,0.01305000,2025-02-16 00:03:22.946587563,b,m,
2690.51000,0.01305000,2025-02-16 00:03:23.908761978,b,m,
2691.38000,0.01299000,2025-02-16 00:03:29.613096237,b,m,
2691.28000,0.01303000,2025-02-16 00:03:36.270017624,b,m,
2691.18000,0.00560000,2025-02-16 00:03:39.777682304,s,l,
2691.42000,0.07250046,2025-02-16 00:10:15.915835857,b,l,
2696.36000,0.03711719,2025-02-16 00:16:10.054758072,b,l,
2698.01000,0.01432867,2025-02-16 00:17:09.321664572,b,m,
2698.01000,0.08116866,2025-02-16 00:17:09.330539227,b,l,
2703.71000,0.00281713,2025-02-16 00:19:11.835279942,s,m,
2703.43000,0.01701272,2025-02-16 00:19:16.028638363,b,l,
2701.26000,0.21774540,2025-02-16 00:29:02.391463518,b,m,
2701.15000,0.05960000,2025-02-16 00:29:05.167419910,s,m,
2701.65000,0.04547445,2025-02-16 00:33:30.510471344,b,l,
2703.21000,0.00987165,2025-02-16 00:38:03.351305008,s,l,
2703.37000,0.03702140,2025-02-16 00:42:59.307852030,b,l,
2698.97000,0.22004179,2025-02-16 00:47:29.313291073,b,l,
2700.15000,0.02689160,2025-02-16 00:47:37.547310114,s,m,
2699.59000,0.09686540,2025-02-16 00:51:10.169633389,s,m,
2700.68000,0.00230631,2025-02-16 00:52:22.492872477,s,m,
2698.02000,0.00592666,2025-02-16 01:02:26.737917423,b,l,
2698.02000,0.10000000,2025-02-16 01:02:53.120014668,b,l,
2698.01000,0.13144116,2025-02-16 01:05:34.755902052,s,m,
2698.01000,0.18019351,2025-02-16 01:05:34.755902052,s,m,
2698.01000,0.04875236,2025-02-16 01:05:34.755902052,s,m,
2697.80000,0.01000666,2025-02-16 01:05:34.755902052,s,m,
2697.80000,0.00592666,2025-02-16 01:06:03.950615644,s,m,
2697.81000,0.00464821,2025-02-16 01:06:32.986609459,b,m,
2697.80000,0.05500000,2025-02-16 01:06:36.136491537,s,l,
2697.80000,0.09927191,2025-02-16 01:16:40.881417513,s,l,
2697.00000,0.03804085,2025-02-16 01:18:50.487199545,s,l,
2695.65000,0.28237277,2025-02-16 01:19:55.504637480,b,l,
2697.10000,0.03627897,2025-02-16 01:30:14.994650126,b,l,
2695.65000,0.03708979,2025-02-16 01:37:37.842996836,s,l,
2695.65000,0.03708979,2025-02-16 01:37:37.842996836,s,l,
2695.65000,0.03708979,2025-02-16 01:37:37.842996836,s,l,
2694.54000,0.00742252,2025-02-16 01:47:29.266056776,b,m,
2694.54000,0.25000000,2025-02-16 01:47:29.266056776,b,m,
2694.54000,0.34537182,2025-02-16 01:47:29.266056776,b,m,
2697.01000,0.00934263,2025-02-16 01:51:50.560578108,b,l,
2697.02000,0.01445601,2025-02-16 01:52:57.152165413,b,l,
2700.61000,0.09649116,2025-02-16 01:56:50.407367229,b,m,
2697.17000,0.00247625,2025-02-16 02:11:13.534355402,s,m,
2696.26000,0.00593415,2025-02-16 02:13:39.790935278,s,m,
2696.26000,0.00593415,2025-02-16 02:13:39.790935278,s,m,
2695.90000,0.02518713,2025-02-16 02:13:39.790935278,s,m,
2695.90000,0.14502350,2025-02-16 02:14:13.415588140,s,l,
2694.53000,0.05303381,2025-02-16 02:14:14.760519981,s,m,
2691.67000,0.00445820,2025-02-16 02:16:27.800916910,s,m,
2691.67000,0.00445820,2025-02-16 02:16:27.800916910,s,m,
2691.67000,0.00809632,2025-02-16 02:16:27.800916910,s,m,
2691.68000,0.01039235,2025-02-16 02:16:29.239529133,s,m,
2694.30000,0.00593415,2025-02-16 02:18:15.807420969,s,m,
2694.34000,0.00445820,2025-02-16 02:18:16.799103260,s,m,
2695.92000,0.00786334,2025-02-16 02:20:25.770444155,s,l,
2695.93000,0.00664823,2025-02-16 02:21:26.774350643,s,m,
2695.40000,0.14335177,2025-02-16 02:21:26.774350643,s,m,
2698.97000,0.00552079,2025-02-16 02:38:42.370739460,b,m,
2699.08000,0.38676769,2025-02-16 02:38:42.370739460,b,m,
2696.55000,0.00415316,2025-02-16 02:40:42.274071693,b,l,
2696.55000,0.00177433,2025-02-16 02:40:42.274071693,b,l,
2696.28000,0.00419414,2025-02-16 02:40:53.470017910,b,l,
2696.28000,0.00173937,2025-02-16 02:40:53.470017910,b,l,
2695.73000,0.00498935,2025-02-16 02:41:12.216212988,b,l,
2695.89000,0.00422961,2025-02-16 02:41:12.216212988,b,l,
2695.35000,0.00458130,2025-02-16 02:41:37.529095411,b,m,
2695.46000,0.02860098,2025-02-16 02:41:37.529095411,b,m,
2696.63000,0.00667641,2025-02-16 02:43:26.184440851,s,l,
2695.92000,0.00592749,2025-02-16 02:46:16.362944365,s,m,
2696.34000,0.00593351,2025-02-16 02:46:27.833822727,s,m,
2696.35000,0.00534128,2025-02-16 02:46:28.285422325,b,m,
2696.54000,0.00133513,2025-02-16 02:46:28.285422325,b,m,
2694.80000,0.00507362,2025-02-16 02:47:09.123199224,b,l,
2695.03000,0.00316129,2025-02-16 02:47:09.123199224,b,l,
2695.27000,0.00514991,2025-02-16 02:47:44.783949375,b,m,
2695.48000,0.15470646,2025-02-16 02:47:44.783949375,b,m,
2695.23000,13.03056673,2025-02-16 02:48:15.347238541,s,m,
2691.69000,0.01260852,2025-02-16 02:53:47.951152086,s,l,
2691.69000,0.02453584,2025-02-16 02:54:16.550323009,s,l,
2691.30000,0.25000000,2025-02-16 02:58:51.009473801,b,m,
2691.30000,0.12098298,2025-02-16 02:58:51.009473801,b,m,
2690.95000,0.01192502,2025-02-16 02:59:19.348816395,s,m,
2690.93000,0.86013298,2025-02-16 02:59:19.348816395,s,m,
2691.10000,0.01192207,2025-02-16 03:02:37.435782671,s,m,
2691.03000,3.70423765,2025-02-16 03:02:37.435782671,s,m,
2692.90000,0.00683568,2025-02-16 03:06:27.122403145,b,l,
2692.95000,0.01192008,2025-02-16 03:06:34.145826340,b,m,
2692.96000,0.01095836,2025-02-16 03:06:34.145826340,b,m,
2690.53000,0.01192162,2025-02-16 03:13:22.258865595,b,l,
2690.53000,0.58103467,2025-02-16 03:13:22.258865595,b,l,
2691.59000,0.00297222,2025-02-16 03:21:55.201193810,s,l,
2690.53000,0.00936990,2025-02-16 03:26:03.165227413,s,l,
2690.54000,0.01191613,2025-02-16 03:29:39.759071827,b,m,
2690.57000,0.03219182,2025-02-16 03:29:39.759071827,b,m,
2690.53000,0.02779047,2025-02-16 03:35:29.541420221,s,m,
2690.53000,0.03716037,2025-02-16 03:35:29.541420221,s,m,
2690.53000,0.03716037,2025-02-16 03:35:29.541420221,s,m,
2690.53000,0.03716037,2025-02-16 03:35:29.541420221,s,m,
2690.53000,0.03716037,2025-02-16 03:35:29.541420221,s,m,
2693.52000,0.16978984,2025-02-16 03:46:36.596010208,b,l,
2698.08000,0.01187032,2025-02-16 03:48:40.567493439,b,l,
2698.09000,0.00634249,2025-02-16 03:48:40.567493439,b,l,
2697.75000,0.00667139,2025-02-16 03:49:27.326723337,b,l,
2697.75000,0.01186912,2025-02-16 03:49:28.413520575,b,l,
2697.96000,0.00517998,2025-02-16 03:49:28.413520575,b,l,
2697.77000,0.00912996,2025-02-16 03:50:00.038604975,b,l,
2697.76000,0.00667208,2025-02-16 03:52:04.777907372,b,l,
2696.06000,0.00913575,2025-02-16 03:55:00.041526318,b,l,
2698.16000,0.06297749,2025-02-16 03:58:30.327698946,s,m,
2699.99000,0.07331964,2025-02-16 04:04:19.301356554,s,l,
2700.00000,0.00614396,2025-02-16 04:05:59.566354752,b,m,
2700.00000,0.01861413,2025-02-16 04:06:35.196939945,b,l,
2700.00000,0.03640004,2025-02-16 04:07:35.728765488,b,l,
2700.00000,0.01000000,2025-02-16 04:08:29.688701868,b,l,
2698.58000,0.05523874,2025-02-16 04:22:29.537563562,b,m,
2700.00000,0.00036134,2025-02-16 04:25:44.109272957,b,l,
2700.00000,0.13164504,2025-02-16 04:26:09.548280001,b,m,
2699.60000,0.01768991,2025-02-16 04:28:21.797556877,b,l,
2699.56000,0.00222259,2025-02-16 04:29:37.624611378,b,l,
2698.25000,0.00592641,2025-02-16 04:32:16.368956327,b,l,
2698.11000,0.00592977,2025-02-16 04:32:26.445870638,b,l,
2699.99000,0.00667208,2025-02-16 04:34:04.048274517,s,m,
2699.99000,0.00667139,2025-02-16 04:34:16.015779495,s,m,
2699.99000,0.00592977,2025-02-16 04:36:15.901441813,s,m,
2699.99000,0.00592641,2025-02-16 04:36:15.906508923,s,m,
2700.00000,0.00666667,2025-02-16 04:36:26.827667475,b,l,
2700.00000,0.01703704,2025-02-16 04:36:27.605286121,b,l,
2700.00000,0.00245607,2025-02-16 04:37:24.740400791,b,l,
2700.00000,0.00666667,2025-02-16 04:37:25.560134649,b,l,
2700.00000,0.24184524,2025-02-16 04:39:01.461054564,b,l,
2700.00000,0.24180174,2025-02-16 04:39:26.365296364,b,l,
2700.00000,0.24179843,2025-02-16 04:39:47.957777977,b,l,
2700.00000,0.00592593,2025-02-16 04:40:29.538583279,b,l,
2700.00000,0.00592593,2025-02-16 04:41:25.985737085,b,l,
2700.00000,0.00426608,2025-02-16 04:42:03.335491896,b,l,
2700.00000,0.02812753,2025-02-16 04:42:15.457882166,b,m,
2700.00000,1.82448458,2025-02-16 04:47:56.733134985,b,l,
2700.00000,0.15549626,2025-02-16 04:50:48.000754118,b,l,
2700.00000,0.31008028,2025-02-16 04:50:48.053262949,b,l,
2700.00000,1.70000000,2025-02-16 04:50:48.066691875,b,l,
2700.00000,0.00425704,2025-02-16 04:50:48.075116396,b,l,
2701.95000,0.11835707,2025-02-16 04:52:54.649887085,b,m,
2702.82000,0.01184855,2025-02-16 04:52:54.649887085,b,m,
2702.83000,0.01688958,2025-02-16 04:52:54.649887085,b,m,
2703.38000,0.05089602,2025-02-16 04:57:30.178244591,s,l,
2703.75000,0.00823491,2025-02-16 04:57:34.773182392,s,l,
2703.76000,0.01184573,2025-02-16 04:58:14.385855198,b,m,
2703.77000,0.97437462,2025-02-16 04:58:14.385855198,b,m,
2700.49000,0.00817450,2025-02-16 05:03:13.134137392,b,l,
2699.30000,0.00592593,2025-02-16 05:05:40.397168159,s,m,
2698.73000,0.00592593,2025-02-16 05:06:16.053146601,s,m,
2698.73000,0.00614396,2025-02-16 05:06:27.259945393,s,m,
2698.73000,0.00666667,2025-02-16 05:10:04.265209913,s,m,
2698.73000,0.00666667,2025-02-16 05:10:16.138684750,s,m,
2698.87000,0.00555786,2025-02-16 05:13:16.211876631,s,m,
2700.06000,0.01186794,2025-02-16 05:22:16.188263655,b,l,
2700.07000,0.06152741,2025-02-16 05:22:16.188263655,b,l,
2702.16000,0.00592119,2025-02-16 05:29:12.055364132,b,l,
2702.16000,0.00592119,2025-02-16 05:29:12.146966696,b,l,
2702.16000,0.00666134,2025-02-16 05:29:12.153511524,b,l,
2702.16000,0.00666134,2025-02-16 05:29:12.314364433,b,l,
2700.89000,0.01186700,2025-02-16 05:32:27.481344700,b,l,
2700.90000,0.00515642,2025-02-16 05:32:27.481344700,b,l,
2703.75000,0.03701494,2025-02-16 05:40:30.131293534,b,l,
2707.28000,0.00763602,2025-02-16 05:40:53.040749788,s,l,
2707.28000,0.00664823,2025-02-16 05:40:59.109078646,s,l,
2707.28000,0.00921896,2025-02-16 05:40:59.894993544,s,l,
2706.60000,0.01184988,2025-02-16 05:41:14.812622786,b,m,
2706.63000,0.17372640,2025-02-16 05:41:14.812622786,b,m,
2707.29000,0.00967045,2025-02-16 05:46:00.898945332,b,l,
2707.29000,0.01207455,2025-02-16 05:46:04.395935774,b,l,
2707.53000,0.00544142,2025-02-16 05:46:35.737257719,b,l,
2708.04000,0.00540467,2025-02-16 05:47:13.544217825,b,l,
2709.72000,0.00247263,2025-02-16 05:47:41.114547253,b,l,
2710.20000,0.28810596,2025-02-16 05:47:41.243987560,b,l,
2711.40000,0.03589445,2025-02-16 05:47:47.733425856,b,l,
2714.06000,0.05544193,2025-02-16 05:47:51.926890612,b,l,
2714.30000,0.03681940,2025-02-16 05:47:51.952245951,b,l,
2714.80000,0.03626142,2025-02-16 05:47:52.129483700,b,l,
2716.65000,0.00817450,2025-02-16 05:47:53.202151775,s,l,
2720.00000,0.28551174,2025-02-16 05:47:59.663927317,b,l,
2720.00000,0.39700000,2025-02-16 05:47:59.668802023,b,l,
2720.00000,0.15600000,2025-02-16 05:47:59.669414043,b,l,
2720.00000,0.17412446,2025-02-16 05:47:59.718697071,b,l,
2720.00000,0.28737855,2025-02-16 05:47:59.768083572,b,l,
2722.08000,0.01179113,2025-02-16 05:48:00.562162876,b,l,
2722.10000,0.00507423,2025-02-16 05:48:00.562162876,b,l,
2720.87000,0.01179482,2025-02-16 05:48:11.471610069,b,l,
2722.52000,0.01179482,2025-02-16 05:48:11.487097263,b,l,
2722.66000,0.03135225,2025-02-16 05:48:11.487097263,b,l,
2721.74000,0.26000000,2025-02-16 05:48:11.572406530,b,l,
2723.80000,0.01179482,2025-02-16 05:48:11.572406530,b,l,
2725.49000,0.01121481,2025-02-16 05:48:13.108994961,s,l,
2725.47000,0.04317988,2025-02-16 05:48:13.108994961,s,l,
2723.58000,0.00224592,2025-02-16 05:48:20.249406338,s,l,
2716.65000,0.01403705,2025-02-16 05:51:27.391581774,s,m,
2716.65000,0.00449185,2025-02-16 05:51:32.292762041,s,l,
2716.65000,0.00000530,2025-02-16 05:52:47.083933592,s,l,
2714.05000,0.01322106,2025-02-16 05:52:49.771522760,s,m,
2714.05000,0.11763651,2025-02-16 05:54:10.137572527,s,l,
2709.27000,0.00915107,2025-02-16 05:55:35.511139631,b,l,
2709.39000,0.14673309,2025-02-16 05:57:44.549608946,b,m,
2707.53000,0.03816914,2025-02-16 06:01:17.466511488,s,m,
2707.77000,0.00592119,2025-02-16 06:01:52.611149311,s,m,
2707.69000,0.00592119,2025-02-16 06:02:16.114138126,s,m,
2708.55000,0.14678585,2025-02-16 06:02:46.575591803,b,m,
2710.45000,0.23374633,2025-02-16 06:03:20.689224243,b,m,
2710.53000,0.36200123,2025-02-16 06:05:19.581594706,b,m,
2710.31000,0.00801805,2025-02-16 06:05:32.068289757,b,l,
2708.23000,0.00666134,2025-02-16 06:09:28.111891031,s,m,
2707.68000,0.00666134,2025-02-16 06:10:16.297946930,s,m,
2708.95000,0.01175993,2025-02-16 06:11:15.496874332,s,l,
2708.95000,0.00893395,2025-02-16 06:11:15.496874332,s,l,
2710.89000,0.01175226,2025-02-16 06:15:07.522719383,b,l,
2710.89000,0.00496906,2025-02-16 06:15:07.522719383,b,l,
2710.89000,0.00663989,2025-02-16 06:18:27.503198385,b,l,
2711.58000,0.00663588,2025-02-16 06:22:09.710114002,b,l,
2711.23000,0.01860723,2025-02-16 06:23:22.540679932,s,l,
2715.81000,0.03431476,2025-02-16 06:29:31.584781408,s,m,
2712.75000,0.01179901,2025-02-16 06:51:22.104773283,b,m,
2712.87000,0.35450549,2025-02-16 06:51:22.104773283,b,m,
2712.85000,0.00663989,2025-02-16 06:51:28.238187551,s,m,
2712.59000,0.00663588,2025-02-16 06:51:40.393251419,s,m,
2712.47000,0.00589704,2025-02-16 06:52:18.325860262,b,l,
2711.08000,0.00589999,2025-02-16 06:55:11.406322956,b,l,
2710.99000,0.00589999,2025-02-16 06:55:52.091398478,s,m,
2710.88000,0.00200000,2025-02-16 06:56:16.186280251,s,m,
2710.57000,0.00525088,2025-02-16 06:57:27.896539211,b,l,
2710.56000,0.00442713,2025-02-16 07:00:47.608838558,s,l,
2708.91000,0.01183157,2025-02-16 07:00:47.608838558,s,l,
2708.82000,1.00000000,2025-02-16 07:00:47.608838558,s,l,
2708.79000,1.96644130,2025-02-16 07:00:47.608838558,s,l,
2708.93000,0.00389704,2025-02-16 07:02:15.385214090,s,m,
2708.80000,0.00442713,2025-02-16 07:02:16.620920658,s,m,
2707.14000,0.18019351,2025-02-16 07:07:17.766530275,s,l,
2703.89000,0.08297084,2025-02-16 07:09:02.458103657,b,m,
2704.97000,0.01186866,2025-02-16 07:15:57.351553679,s,l,
2704.96000,0.06277408,2025-02-16 07:15:57.351553679,s,l,
2698.73000,0.10000000,2025-02-16 07:21:04.791665792,s,m,
2698.73000,0.04480327,2025-02-16 07:21:25.953110695,s,l,
2693.30000,0.00880100,2025-02-16 07:28:18.731205463,b,l,
2693.63000,0.01192146,2025-02-16 07:28:29.555970669,b,m,
2693.63000,1.05806823,2025-02-16 07:28:29.555970669,b,m,
2696.19000,0.01190972,2025-02-16 07:30:47.386663198,s,m,
2696.18000,0.02648446,2025-02-16 07:30:47.386663198,s,m,
2695.78000,0.03838468,2025-02-16 07:34:01.772781134,s,m,
2696.72000,0.50335522,2025-02-16 07:43:54.123372555,s,m,
2698.25000,0.01191019,2025-02-16 07:48:12.028421879,b,m,
2698.26000,0.00508974,2025-02-16 07:48:12.028421879,b,m,
2694.15000,0.01192636,2025-02-16 07:54:56.208027124,b,m,
2694.16000,0.41703651,2025-02-16 07:54:56.208027124,b,m,
2693.31000,0.03128000,2025-02-16 07:55:56.479894161,s,m,
2693.32000,0.29796357,2025-02-16 07:56:48.798467159,b,l,
2693.31000,0.13891833,2025-02-16 07:56:56.076898575,s,l,
2692.56000,0.01703704,2025-02-16 07:57:52.327085495,s,m,
2692.56000,0.01702342,2025-02-16 07:58:04.881315947,s,m,
2692.56000,0.01704910,2025-02-16 07:58:16.179489613,s,m,
2692.56000,0.07613572,2025-02-16 07:58:21.511760473,s,l,
2692.57000,0.00351638,2025-02-16 07:59:14.259424447,b,m,
2694.84000,0.00288271,2025-02-16 07:59:14.259424447,b,m,
2695.79000,0.02173462,2025-02-16 08:02:14.810045481,b,m,
2695.79000,0.14750000,2025-02-16 08:02:35.195215940,b,m,
2695.79000,0.00052171,2025-02-16 08:04:30.879958153,b,l,
2696.44000,0.01192795,2025-02-16 08:09:19.816482544,b,m,
2696.52000,0.37804384,2025-02-16 08:09:19.816482544,b,m,
2698.02000,0.03709502,2025-02-16 08:19:11.284508944,b,m,
2698.02000,0.03710025,2025-02-16 08:19:11.284508944,b,m,
2698.69000,0.01191453,2025-02-16 08:19:11.284508944,b,m,
2698.70000,0.20846503,2025-02-16 08:19:11.284508944,b,m,
2698.44000,0.08900000,2025-02-16 08:19:14.416132450,s,l,
2698.55000,0.00222350,2025-02-16 08:19:16.685052395,b,m,
2699.95000,0.01190460,2025-02-16 08:28:24.769203186,b,m,
2700.18000,0.02337010,2025-02-16 08:28:24.769203186,b,m,
2700.69000,0.01190396,2025-02-16 08:29:05.033973455,b,l,
2701.01000,0.01190386,2025-02-16 08:29:36.684600115,b,l,
2701.24000,2.56884238,2025-02-16 08:29:36.684600115,b,l,
2700.00000,0.01190541,2025-02-16 08:30:56.424330473,b,l,
2700.36000,0.35462948,2025-02-16 08:30:56.424330473,b,l,
2699.19000,0.01190460,2025-02-16 08:32:01.781038523,b,m,
2699.32000,0.09851807,2025-02-16 08:32:01.781038523,b,m,
2702.42000,1.47657275,2025-02-16 08:34:17.449107409,s,m,
2704.42000,0.00554647,2025-02-16 08:35:50.078644514,b,m,
2703.64000,0.00591795,2025-02-16 08:37:34.315678596,s,l,
2703.64000,0.00591795,2025-02-16 08:37:34.315678596,s,l,
2701.16000,0.00541773,2025-02-16 08:38:33.971023560,b,l,
2699.04000,0.00444603,2025-02-16 08:40:49.773497105,s,l,
2699.04000,0.00444603,2025-02-16 08:40:49.773497105,s,l,
2698.55000,0.01190970,2025-02-16 08:40:50.368495464,s,l,
2698.55000,0.01190970,2025-02-16 08:40:50.571798563,s,l,
2698.55000,0.01190970,2025-02-16 08:40:50.784746885,s,l,
2698.55000,0.00132083,2025-02-16 08:40:50.994044065,s,l,
2698.55000,0.01058887,2025-02-16 08:40:50.994044065,s,l,
2698.55000,0.01190970,2025-02-16 08:40:51.201434135,s,l,
2698.55000,0.01191108,2025-02-16 08:40:51.402271509,s,l,
2698.55000,0.00264028,2025-02-16 08:40:51.835268497,s,l,
2698.55000,0.00927082,2025-02-16 08:40:51.835268497,s,l,
2698.55000,0.01191110,2025-02-16 08:40:52.270890474,s,l,
2698.55000,0.01191110,2025-02-16 08:40:52.481233358,s,l,
2698.55000,0.00395691,2025-02-16 08:40:53.142223597,s,l,
2698.55000,0.00795419,2025-02-16 08:40:53.142223835,s,l,
2698.55000,0.01191372,2025-02-16 08:40:53.573342800,s,l,
2698.55000,0.01191373,2025-02-16 08:40:54.005078316,s,l,
2698.55000,0.00526829,2025-02-16 08:40:54.435455084,s,l,
2698.55000,0.00664544,2025-02-16 08:40:54.435455084,s,l,
2698.55000,0.03040449,2025-02-16 08:40:54.439980268,s,l,
2695.34000,0.01036398,2025-02-16 08:46:51.967329502,s,m,
2695.34000,0.01036398,2025-02-16 08:46:52.192016125,s,m,
2695.58000,0.01480056,2025-02-16 08:54:31.289112091,s,l,
2694.93000,0.01203368,2025-02-16 09:09:19.066623211,s,m,
2694.92000,0.93137537,2025-02-16 09:09:19.066623211,s,m,
2695.03000,0.01203379,2025-02-16 09:09:31.045606613,s,m,
2694.83000,0.00332508,2025-02-16 09:09:31.045606613,s,m,
2696.00000,0.01213007,2025-02-16 09:12:28.831976414,s,m,
2695.99000,0.48466993,2025-02-16 09:12:28.831976414,s,m,
2693.52000,0.00546564,2025-02-16 09:15:52.163034916,b,m,
2694.89000,0.01874482,2025-02-16 09:25:56.430107355,s,l,
2695.42000,0.03000000,2025-02-16 09:26:06.142445803,s,l,
2698.16000,0.01033021,2025-02-16 09:29:32.679023504,s,l,
2696.88000,0.01229379,2025-02-16 09:30:41.202383041,b,m,
2697.16000,0.34567446,2025-02-16 09:30:41.202383041,b,m,
2698.55000,0.00839682,2025-02-16 09:34:01.699723959,b,m,
2698.46000,0.02415811,2025-02-16 09:35:51.230707645,b,m,
2698.40000,0.03806903,2025-02-16 09:37:06.251354218,s,l,
2698.43000,0.12415783,2025-02-16 09:37:17.848753214,b,m,
2698.55000,0.02869104,2025-02-16 09:38:10.783024311,b,m,
2698.55000,0.01889086,2025-02-16 09:38:10.783024549,b,m,
2698.54000,0.09455672,2025-02-16 09:38:21.772291422,s,m,
2698.54000,0.33544328,2025-02-16 09:38:21.772291422,s,m,
2698.55000,0.01821228,2025-02-16 09:38:47.376434326,b,l,
2698.55000,0.03708718,2025-02-16 09:38:47.376434326,b,l,
2698.55000,0.03708965,2025-02-16 09:38:47.376434326,b,l,
2698.55000,0.03710493,2025-02-16 09:38:47.376434326,b,l,
2702.11000,0.00555113,2025-02-16 09:40:30.388399839,b,m,
2702.20000,0.00222048,2025-02-16 09:40:36.005103827,b,m,
2702.60000,0.69451314,2025-02-16 09:41:14.118183374,b,m,
2702.45000,0.00591878,2025-02-16 09:44:06.642050505,b,l,
2702.31000,0.00592056,2025-02-16 09:44:27.515622853,b,l,
2701.66000,0.01235502,2025-02-16 09:45:46.225298405,b,l,
2701.66000,0.00533536,2025-02-16 09:45:46.225298405,b,l,
2700.55000,0.00444354,2025-02-16 09:46:47.343911648,s,l,
2700.55000,0.01423495,2025-02-16 09:46:47.343911648,s,l,
2704.03000,0.19938942,2025-02-16 09:56:08.031299353,s,l,
2703.87000,0.80061058,2025-02-16 09:56:08.031299353,s,l,
2705.45000,0.01238627,2025-02-16 09:58:51.251532078,b,l,
2705.69000,0.01181425,2025-02-16 09:58:51.251532078,b,l,
2704.92000,0.36370880,2025-02-16 10:00:17.754771233,s,m,
2704.82000,0.00549022,2025-02-16 10:01:15.549036980,b,l,
2704.84000,0.01240017,2025-02-16 10:01:40.431601763,b,m,
2704.84000,0.02458207,2025-02-16 10:01:40.431602001,b,m,
2704.84000,0.04777884,2025-02-16 10:05:07.744622946,s,m,
2704.84000,0.06864977,2025-02-16 10:06:47.480759144,s,l,
2703.43000,0.00209282,2025-02-16 10:07:21.080056429,b,l,
2704.13000,0.00727418,2025-02-16 10:08:13.291015625,s,l,
2704.73000,0.04218892,2025-02-16 10:10:35.342019320,b,m,
2704.96000,0.02900000,2025-02-16 10:10:53.505736351,b,m,
2704.96000,0.15080669,2025-02-16 10:11:59.371134281,b,l,
2705.21000,0.02013000,2025-02-16 10:14:06.888814449,b,l,
2705.21000,0.15966321,2025-02-16 10:14:12.451498508,b,l,
2705.19000,0.35027844,2025-02-16 10:26:22.838411570,b,m,
2704.14000,0.15681000,2025-02-16 10:26:26.805074215,b,m,
2704.13000,0.01036232,2025-02-16 10:31:28.250681162,s,m,
2704.13000,0.00592056,2025-02-16 10:31:52.637448549,s,m,
2704.13000,0.15391750,2025-02-16 10:33:47.598674774,s,l,
2703.22000,0.65175996,2025-02-16 10:44:13.486466169,s,l,
2700.56000,0.03702235,2025-02-16 10:54:05.022330046,s,l,
2700.56000,0.03702235,2025-02-16 10:54:05.022330046,s,l,
2700.56000,0.03702235,2025-02-16 10:54:05.022330046,s,l,
2700.56000,0.03702235,2025-02-16 10:54:05.022330046,s,l,
2700.56000,0.03702235,2025-02-16 10:54:05.022330046,s,l,
2700.00000,0.00555555,2025-02-16 10:54:43.136592627,s,l,
2695.50000,0.15991819,2025-02-16 10:56:36.517729282,b,m,
2695.53000,0.42972123,2025-02-16 11:02:33.376315117,b,l,
2698.06000,0.00746955,2025-02-16 11:05:37.650074959,b,l,
2701.12000,0.01226158,2025-02-16 11:06:21.719290733,b,m,
2701.20000,0.00000023,2025-02-16 11:06:21.719290733,b,m,
2700.67000,0.01226158,2025-02-16 11:06:22.495987415,b,m,
2700.90000,0.03020729,2025-02-16 11:06:22.495987654,b,m,
2700.65000,0.00222148,2025-02-16 11:06:25.373480558,b,m,
2700.32000,0.01226355,2025-02-16 11:06:52.601025105,s,l,
2700.31000,3.83367346,2025-02-16 11:06:52.601025105,s,l,
2700.31000,0.01916479,2025-02-16 11:07:01.767443657,s,m,
2701.25000,0.01225717,2025-02-16 11:14:35.554479599,b,m,
2701.26000,0.04925413,2025-02-16 11:14:35.554479599,b,m,
2701.10000,0.00592150,2025-02-16 11:16:27.487621784,b,l,
2703.89000,0.01224827,2025-02-16 11:18:14.615866423,b,l,
2703.90000,0.70954615,2025-02-16 11:18:14.615866423,b,l,
2704.22000,0.01224805,2025-02-16 11:18:28.909978390,b,m,
2704.23000,0.36350772,2025-02-16 11:18:28.909978628,b,m,
2705.85000,0.00896308,2025-02-16 11:18:59.875559807,s,l,
2705.86000,0.00726599,2025-02-16 11:19:02.373781204,s,l,
2706.29000,0.00910122,2025-02-16 11:19:23.039275885,b,l,
2706.29000,0.00665118,2025-02-16 11:19:31.973620415,b,l,
2706.29000,0.01699744,2025-02-16 11:19:32.094818592,b,l,
2706.29000,0.13000000,2025-02-16 11:20:43.603853226,b,l,
2706.29000,0.00703194,2025-02-16 11:20:43.654016733,b,l,
2710.16000,0.00664067,2025-02-16 11:22:09.886147499,b,l,
2710.16000,0.00590282,2025-02-16 11:22:10.080148458,b,l,
2709.28000,0.01221255,2025-02-16 11:25:51.422580957,s,l,
2709.20000,0.33213745,2025-02-16 11:25:51.422580957,s,l,
2709.85000,0.01218339,2025-02-16 11:28:12.062180281,b,m,
2709.86000,0.06162121,2025-02-16 11:28:12.062180281,b,m,
2709.54000,0.00595817,2025-02-16 11:28:15.852510452,s,m,
2709.23000,0.00536236,2025-02-16 11:28:54.447744370,s,m,
2708.25000,0.00553864,2025-02-16 11:31:14.335261106,s,m,
2708.25000,0.00260545,2025-02-16 11:31:14.335261106,s,m,
2708.26000,0.00548357,2025-02-16 11:31:51.572229385,b,l,
2708.25000,0.00182546,2025-02-16 11:33:40.111727476,s,m,
2707.59000,0.00312208,2025-02-16 11:33:40.111727476,s,m,
2710.54000,0.00117449,2025-02-16 11:36:01.580580473,s,l,
2710.56000,1.04600000,2025-02-16 11:36:58.840709925,s,l,
2709.97000,0.00448988,2025-02-16 11:37:26.428461075,s,m,
2707.72000,0.03990192,2025-02-16 11:39:44.786381960,b,m,
2706.08000,0.00238304,2025-02-16 11:41:45.727806568,b,m,
2706.09000,0.04565241,2025-02-16 11:41:45.727806568,b,m,
2707.27000,0.01194478,2025-02-16 11:44:18.170178890,s,m,
2707.26000,0.00716561,2025-02-16 11:44:18.170178890,s,m,
2707.48000,0.01194394,2025-02-16 11:44:34.011588097,s,m,
2707.27000,0.02625930,2025-02-16 11:44:34.011588097,s,m,
2708.13000,0.01194137,2025-02-16 11:45:24.508236170,s,l,
2708.12000,0.06260277,2025-02-16 11:45:24.508236170,s,l,
2708.04000,0.01194194,2025-02-16 11:45:39.902814150,s,m,
2708.03000,0.00023737,2025-02-16 11:45:39.902814150,s,m,
2706.53000,0.00665118,2025-02-16 11:46:15.769999743,s,m,
2706.53000,0.01033373,2025-02-16 11:46:15.896716833,s,m,
2708.21000,0.00592150,2025-02-16 11:46:52.004588127,s,m,
2709.27000,0.02370474,2025-02-16 11:48:58.124864101,b,l,
2710.46000,0.01697061,2025-02-16 11:49:16.259584665,b,l,
2710.29000,0.00664067,2025-02-16 11:52:10.655267000,b,l,
2710.29000,0.00664067,2025-02-16 11:52:10.677520275,b,l,
2710.57000,0.01952460,2025-02-16 11:57:07.322117329,b,m,
2711.28000,0.01951720,2025-02-16 11:57:07.322117329,b,m,
2712.53000,0.21698260,2025-02-16 11:57:07.322117329,b,m,
2712.54000,0.25461198,2025-02-16 11:58:13.563164711,b,m,
2711.67000,0.01178245,2025-02-16 11:58:45.846295118,s,l,
2711.57000,0.00684065,2025-02-16 11:58:45.846295357,s,l,
2710.37000,0.00539932,2025-02-16 12:01:31.005770922,b,l,
2711.64000,0.01174817,2025-02-16 12:03:33.922786236,s,m,
2711.63000,0.02642017,2025-02-16 12:03:33.922786236,s,m,
2711.63000,0.00590052,2025-02-16 12:14:34.552113295,b,l,
2711.62000,0.01488565,2025-02-16 12:15:21.633827448,s,l,
2710.91000,0.02212249,2025-02-16 12:21:16.738971710,s,m,
2710.92000,0.01146013,2025-02-16 12:21:18.963857651,b,m,
2710.26000,0.00824848,2025-02-16 12:21:22.720267773,b,m,
2710.16000,0.00590304,2025-02-16 12:22:18.711894989,b,l,
2709.85000,0.00590304,2025-02-16 12:25:39.648716450,s,m,
2709.72000,0.00442851,2025-02-16 12:27:59.873720646,s,m,
2708.38000,0.00553837,2025-02-16 12:27:59.873720646,s,m,
2708.38000,0.00553837,2025-02-16 12:27:59.873720646,s,m,
2708.33000,0.02421678,2025-02-16 12:27:59.873720646,s,m,
2708.96000,0.00664067,2025-02-16 12:28:15.496790886,s,m,
2708.96000,0.00664067,2025-02-16 12:28:15.591859579,s,m,
2708.96000,0.00590052,2025-02-16 12:28:15.640017271,s,m,
2708.96000,0.00553837,2025-02-16 12:28:16.551096439,s,m,
2708.96000,0.00553837,2025-02-16 12:28:16.582786560,s,m,
2708.96000,0.00442851,2025-02-16 12:28:16.672446012,s,m,
2706.80000,0.04126922,2025-02-16 12:31:20.997542381,s,l,
2706.80000,0.13720478,2025-02-16 12:31:20.997542381,s,l,
2705.20000,0.01173439,2025-02-16 12:40:12.536184788,b,l,
2705.20000,0.03828621,2025-02-16 12:40:12.536184788,b,l,
2705.70000,0.01174659,2025-02-16 12:41:34.759062767,b,m,
2705.76000,0.02582365,2025-02-16 12:41:34.759063005,b,m,
2707.18000,0.07638422,2025-02-16 12:42:37.396996498,s,m,
2706.50000,0.00757436,2025-02-16 12:44:35.451658964,s,l,
2705.72000,0.03092587,2025-02-16 12:54:23.742701530,s,m,
2705.02000,0.01174674,2025-02-16 12:57:43.074449778,b,m,
2705.02000,0.01367389,2025-02-16 12:57:43.074449778,b,m,
2705.53000,0.00554379,2025-02-16 12:59:50.960173845,s,m,
2705.92000,0.00546148,2025-02-16 13:00:00.049808741,b,l,
2705.01000,0.09236732,2025-02-16 13:03:31.476752996,s,m,
2705.01000,0.07784709,2025-02-16 13:06:58.109309435,s,l,
2702.26000,0.01176415,2025-02-16 13:08:42.548653841,s,m,
2702.25000,0.38052433,2025-02-16 13:08:42.548653841,s,m,
2702.36000,0.04625587,2025-02-16 13:09:00.850040674,b,m,
2702.79000,0.01176384,2025-02-16 13:11:26.343108654,s,l,
2702.78000,0.77200000,2025-02-16 13:11:26.343108654,s,l,
2702.78000,0.77200000,2025-02-16 13:11:26.343108654,s,l,
2702.77000,2.37500000,2025-02-16 13:11:26.343108654,s,l,
2702.60000,0.36464149,2025-02-16 13:11:26.343108892,s,l,
2704.46000,0.00871811,2025-02-16 13:12:54.509858370,s,l,
2705.21000,0.00449517,2025-02-16 13:16:06.505916357,b,l,
2705.21000,0.17531153,2025-02-16 13:16:06.505916357,b,l,
2708.30000,0.43470900,2025-02-16 13:20:16.156980515,b,l,
2708.30000,0.25000000,2025-02-16 13:20:16.156980515,b,l,
2708.35000,1.00000000,2025-02-16 13:20:16.156980515,b,l,
2708.39000,0.31529100,2025-02-16 13:20:16.156980515,b,l,
2708.29000,0.00590757,2025-02-16 13:21:27.153529882,b,l,
2708.86000,0.63449000,2025-02-16 13:23:39.786915302,b,m,
2708.86000,0.63623000,2025-02-16 13:23:39.870931387,b,m,
2708.86000,1.05528000,2025-02-16 13:23:39.957199335,b,m,
2708.87000,0.19041000,2025-02-16 13:23:39.957199574,b,m,
2708.57000,0.00590718,2025-02-16 13:25:42.717559814,s,l,
2708.57000,0.00664558,2025-02-16 13:25:42.717559814,s,l,
2708.57000,0.01698314,2025-02-16 13:25:42.717559814,s,l,
2708.57000,0.00134832,2025-02-16 13:25:42.717559814,s,l,
2706.72000,0.00529670,2025-02-16 13:26:35.113566875,b,l,
2706.38000,0.00256783,2025-02-16 13:27:18.873576164,s,m,
2706.38000,0.00186614,2025-02-16 13:30:23.934285879,s,l,
2707.84000,0.07207226,2025-02-16 13:32:08.448553324,b,l,
2706.20000,0.27527972,2025-02-16 13:35:51.304776430,b,m,
2706.11000,0.29373207,2025-02-16 13:35:58.452625990,b,m,
2704.64000,0.00554603,2025-02-16 13:40:25.341062069,s,l,
2703.96000,0.00443794,2025-02-16 13:40:56.083038568,s,l,
2703.96000,0.00554742,2025-02-16 13:40:56.083038807,s,l,
2701.64000,0.01034512,2025-02-16 13:40:57.922263861,s,m,
2701.37000,0.01034154,2025-02-16 13:42:15.573150396,s,m,
2701.38000,0.01219105,2025-02-16 13:42:27.907715797,s,m,
2701.56000,0.01178067,2025-02-16 13:42:39.947477579,s,m,
2701.55000,0.00521677,2025-02-16 13:42:39.947477579,s,m,
2701.54000,0.01698314,2025-02-16 13:42:39.973437071,s,m,
2700.00000,0.01219300,2025-02-16 13:42:51.707720995,s,m,
2700.00000,0.01697061,2025-02-16 13:43:15.791113853,s,m,
2700.00000,0.30716200,2025-02-16 13:43:25.985311747,s,l,
2700.00000,1.40805425,2025-02-16 13:43:26.345633030,s,l,
2700.00000,0.73000000,2025-02-16 13:43:26.461574316,s,l,
2700.00000,0.34110000,2025-02-16 13:43:26.539569616,s,l,
2700.00000,0.06395303,2025-02-16 13:43:27.305768251,s,l,
2700.00000,0.30716200,2025-02-16 13:43:28.274720192,s,l,
2700.00000,0.63214000,2025-02-16 13:44:52.576177120,s,l,
2700.00000,0.50424000,2025-02-16 13:44:52.576339483,s,l,
2700.00000,0.20095794,2025-02-16 13:44:52.583614111,s,l,
2700.00000,0.38221424,2025-02-16 13:44:52.583781719,s,l,
2700.00000,0.10749963,2025-02-16 13:44:52.584080696,s,l,
2700.00000,0.51462570,2025-02-16 13:44:52.584874630,s,l,
2700.00000,0.34246195,2025-02-16 13:44:52.591236115,s,l,
2700.00000,0.26000000,2025-02-16 13:44:52.592461109,s,l,
2700.00000,0.28144407,2025-02-16 13:44:52.647775412,s,l,
2700.00000,0.37891063,2025-02-16 13:44:52.647952795,s,l,
2700.00000,0.15285965,2025-02-16 13:44:52.673757553,s,l,
2700.00000,0.23153566,2025-02-16 13:44:52.680238008,s,l,
2700.00000,0.18023747,2025-02-16 13:44:52.718397141,s,l,
2700.00000,0.00494504,2025-02-16 13:44:52.996717691,s,l,
2700.00000,0.30716200,2025-02-16 13:44:53.162999868,s,l,
2700.00000,0.17980669,2025-02-16 13:44:53.433840752,s,l,
2700.00000,0.15236444,2025-02-16 13:44:53.641500711,s,l,
2700.00000,0.11833556,2025-02-16 13:44:53.641500711,s,l,
2700.00000,0.47690000,2025-02-16 13:44:53.641849995,s,l,
2700.00000,0.38130000,2025-02-16 13:44:53.641976833,s,l,
2700.00000,0.38990000,2025-02-16 13:44:53.642078161,s,l,
2700.00000,0.87180000,2025-02-16 13:44:53.645751715,s,l,
2700.00000,0.77200000,2025-02-16 13:44:53.648208141,s,l,
2700.00000,0.67976444,2025-02-16 13:44:53.648402929,s,l,
2700.00000,3.69000000,2025-02-16 13:44:53.648402929,s,l,
2700.00000,0.43093556,2025-02-16 13:44:53.648402929,s,l,
2700.00000,0.56900000,2025-02-16 13:44:53.651519775,s,l,
2700.00000,0.00006444,2025-02-16 13:45:10.104909658,s,l,
2699.60000,0.00275419,2025-02-16 13:46:49.191754341,b,m,
2699.62000,0.01178171,2025-02-16 13:48:06.676156521,s,l,
2699.61000,0.76234632,2025-02-16 13:48:06.676156521,s,l,
2696.17000,0.01179621,2025-02-16 13:49:48.009101629,s,m,
2696.16000,0.02651592,2025-02-16 13:49:48.009101629,s,m,
