price,volume,time,buy/sell,market/limit,misc
0.30570000,40.27887766,2025-02-08 18:26:24.332664728,s,m,
0.30720000,32.40860863,2025-02-08 18:28:50.970273018,s,l,
0.30710000,33.55893085,2025-02-08 18:39:03.205308914,s,l,
0.30690000,33.74177856,2025-02-08 18:40:59.217806101,s,l,
0.30690000,33.30632344,2025-02-08 18:41:11.215202093,s,l,
0.30770000,42.43468589,2025-02-08 18:49:37.374238253,b,l,
0.30780000,42.39458235,2025-02-08 18:50:37.155745745,b,l,
0.30760000,44.58073612,2025-02-08 19:01:03.066715001,s,l,
0.30740000,44.60970346,2025-02-08 19:01:44.675820589,s,l,
0.30670000,38.09542885,2025-02-08 19:02:51.136554718,s,m,
0.30730000,46.45427840,2025-02-08 19:04:36.384258747,s,l,
0.30710000,46.46938057,2025-02-08 19:04:52.970082998,s,l,
0.30780000,46.48895386,2025-02-08 19:05:23.070987701,b,l,
0.30640000,78.98970520,2025-02-08 19:08:26.406628132,s,m,
0.30710000,108.00000000,2025-02-08 19:11:00.611772776,b,l,
0.30660000,36.30879635,2025-02-08 19:22:05.479652166,s,l,
0.30740000,348.00000000,2025-02-08 19:23:05.490805864,s,l,
0.30730000,50.36883313,2025-02-08 19:23:41.451680660,s,l,
0.30730000,50.36883313,2025-02-08 19:23:48.690496683,s,l,
0.30810000,108.00000000,2025-02-08 19:30:02.821964741,s,l,
0.30840000,174.39832577,2025-02-08 19:32:10.387508869,b,l,
0.30810000,51.14075118,2025-02-08 19:35:29.773177862,s,l,
0.30770000,51.20714619,2025-02-08 19:36:16.441668749,s,l,
0.30780000,51.19053128,2025-02-08 19:38:09.030758619,s,l,
0.30820000,51.56555927,2025-02-08 19:40:57.424419880,b,l,
0.30740000,108.00000000,2025-02-08 19:43:05.932193995,s,l,
0.30670000,36.94421032,2025-02-08 19:44:41.581334114,s,m,
0.30760000,414.00000000,2025-02-08 19:45:02.932068110,b,l,
0.30660000,108.00000000,2025-02-08 19:45:28.117140293,s,l,
0.30490000,108.00000000,2025-02-08 19:45:30.781970739,s,m,
0.30490000,9642.50573958,2025-02-08 19:45:30.781970739,s,m,
0.30480000,2165.15213690,2025-02-08 19:45:30.781970739,s,m,
0.30410000,210.80238184,2025-02-08 19:45:30.781970739,s,m,
0.30240000,16.29511810,2025-02-08 19:45:30.781970978,s,m,
0.30230000,30.44476427,2025-02-08 19:45:30.781970978,s,m,
0.30010000,210.80238184,2025-02-08 19:45:30.781970978,s,m,
0.29980000,5847.46241730,2025-02-08 19:45:30.781970978,s,m,
0.29770000,30.44312630,2025-02-08 19:45:30.781970978,s,m,
0.29760000,53.40020278,2025-02-08 19:45:30.781970978,s,m,
0.29630000,534.26221744,2025-02-08 19:45:30.781970978,s,m,
0.29620000,210.80238184,2025-02-08 19:45:30.781970978,s,m,
0.29590000,78.42658858,2025-02-08 19:45:30.781970978,s,m,
0.29330000,539.72688383,2025-02-08 19:45:30.781970978,s,m,
0.29320000,30.44125248,2025-02-08 19:45:30.781970978,s,m,
0.29220000,171.03240692,2025-02-08 19:45:30.781970978,s,m,
0.30450000,34.15196107,2025-02-08 19:45:31.542194605,s,l,
0.30440000,1642.40782724,2025-02-08 19:45:31.542194843,s,l,
0.30430000,4170.90262899,2025-02-08 19:45:31.542194843,s,l,
0.30670000,53.29340238,2025-02-08 19:45:41.327873945,b,l,
0.30630000,52.39011014,2025-02-08 19:45:44.370340586,s,l,
0.30640000,210.80238184,2025-02-08 19:46:09.991929054,s,l,
0.30630000,30.02083788,2025-02-08 19:47:43.082065105,s,l,
0.30600000,30.02083788,2025-02-08 19:47:44.057595015,s,l,
0.30750000,32.53090436,2025-02-08 19:51:42.151929140,b,m,
0.30780000,30.02083788,2025-02-08 20:00:45.843208790,b,l,
0.30810000,108.00000000,2025-02-08 20:00:50.214457750,b,l,
0.30810000,102.80238184,2025-02-08 20:00:50.216878414,b,l,
0.30730000,53.25638534,2025-02-08 20:02:47.353698969,s,l,
0.30730000,156.00000000,2025-02-08 20:02:52.150150776,s,l,
0.30810000,210.80238184,2025-02-08 20:26:10.744058371,b,l,
0.30750000,32.47323109,2025-02-08 20:51:29.351739645,b,l,
0.30800000,32.53090436,2025-02-08 21:28:48.315407515,s,m,
0.30820000,1621.76005500,2025-02-08 21:38:35.409532070,b,l,
0.30820000,2216.06732217,2025-02-08 21:38:35.410120249,b,l,
0.30870000,12.69019100,2025-02-08 21:43:45.462741613,b,m,
0.30780000,12.69019100,2025-02-08 21:44:40.967078447,s,m,
0.30780000,1156.43587000,2025-02-08 22:31:00.379925251,s,l,
0.30740000,1089.17981801,2025-02-08 22:46:03.004943371,b,l,
0.30750000,1625.75275996,2025-02-08 22:46:03.004943609,b,l,
0.30760000,2155.19729215,2025-02-08 22:46:03.004943609,b,l,
0.30750000,108.00000000,2025-02-08 22:56:30.830156326,b,l,
0.30740000,108.00000000,2025-02-08 22:56:30.833031416,b,l,
0.30740000,108.00000000,2025-02-08 22:56:30.846429110,b,l,
0.30810000,97.40259741,2025-02-08 23:01:34.221329927,b,m,
0.30790000,97.11880868,2025-02-08 23:03:33.424498796,b,m,
0.30910000,6.64885283,2025-02-09 00:02:10.162176371,b,l,
0.30920000,1691.29878972,2025-02-09 00:02:11.975453377,b,l,
0.30770000,1699.54366519,2025-02-09 00:43:39.380043745,s,l,
0.30890000,1699.54366519,2025-02-09 01:12:53.309953451,b,l,
0.30980000,6.00000000,2025-02-09 01:23:48.281394005,s,l,
0.30900000,398.53869146,2025-02-09 01:25:18.435285091,s,m,
0.31020000,108.00000000,2025-02-09 01:25:21.921680212,b,l,
0.30990000,32.47323000,2025-02-09 01:27:32.992966175,s,l,
0.30790000,78.62422844,2025-02-09 03:00:11.997252464,s,m,
0.31080000,85.98580429,2025-02-09 03:03:43.254824162,b,l,
0.31060000,97.43423188,2025-02-09 03:03:55.423629522,s,m,
0.31160000,264.81703485,2025-02-09 03:09:55.563301325,b,l,
0.31190000,44.75710800,2025-02-09 03:22:44.046593904,b,m,
0.31200000,210.80238184,2025-02-09 03:35:38.792031765,b,l,
0.31250000,30.02083788,2025-02-09 03:37:06.764210701,b,l,
0.31300000,58.23369863,2025-02-09 03:40:37.522641182,s,m,
0.31400000,796.17834394,2025-02-09 03:44:31.466345310,b,l,
0.31470000,51.94928446,2025-02-09 03:44:41.883559942,b,l,
0.31400000,174.00000000,2025-02-09 03:45:21.028635979,s,l,
0.31600000,210.80238184,2025-02-09 03:49:26.103317261,b,l,
0.31540000,317.05770450,2025-02-09 04:08:28.635757208,s,l,
0.31490000,108.00000000,2025-02-09 04:15:30.018762827,s,l,
0.31490000,1667.16112473,2025-02-09 04:15:30.018762827,s,l,
0.31410000,149.91777821,2025-02-09 04:46:14.992956877,b,m,
0.31350000,50.03488800,2025-02-09 04:46:20.529001236,s,m,
0.31320000,45.60498500,2025-02-09 04:47:42.535062790,s,m,
0.31360000,149.91777821,2025-02-09 04:58:33.459151983,s,m,
0.31310000,81.10887731,2025-02-09 05:12:08.442613840,s,l,
0.31330000,7.14746249,2025-02-09 05:12:43.197082996,b,m,
0.31290000,34.10966270,2025-02-09 05:12:56.731399059,s,l,
0.31340000,108.00000000,2025-02-09 05:13:39.208184481,b,l,
0.31340000,108.00000000,2025-02-09 05:13:39.225157261,b,l,
0.31430000,21.97189309,2025-02-09 05:25:28.726626158,b,m,
0.31200000,210.80238184,2025-02-09 06:01:37.641731739,s,l,
0.31080000,16.08751609,2025-02-09 06:36:27.431674719,b,m,
0.31210000,127.45649651,2025-02-09 06:46:27.561062336,b,l,
0.31380000,6.00000000,2025-02-09 09:05:51.355601072,b,m,
0.31470000,38.96103896,2025-02-09 10:35:12.476507187,b,l,
0.31480000,108.00000000,2025-02-09 11:04:24.403601170,b,l,
0.31500000,197.93922831,2025-02-09 11:04:24.403601170,b,l,
0.31160000,9.42568418,2025-02-09 11:05:06.813902617,s,m,
0.31410000,48.55940434,2025-02-09 11:08:32.022233009,b,l,
0.31420000,198.44321107,2025-02-09 11:11:40.988407373,s,l,
0.31000000,1305.52240823,2025-02-09 11:11:51.057227612,s,l,
0.31130000,67.50030000,2025-02-09 11:12:28.991041660,s,l,
0.31510000,48.55940434,2025-02-09 11:21:01.039588690,b,l,
0.31520000,1024.29062011,2025-02-09 11:21:01.039588690,b,l,
0.31520000,317.45577077,2025-02-09 11:22:49.299694061,b,m,
0.31360000,9.17760736,2025-02-09 12:01:44.643342495,b,l,
0.31360000,63.97952655,2025-02-09 12:02:33.795423031,b,m,
0.31170000,58.44155845,2025-02-09 12:38:40.114603758,s,m,
0.31190000,144.03785288,2025-02-09 12:46:34.264234066,b,m,
0.31030000,24.00000000,2025-02-09 12:49:49.646087170,s,l,
0.31030000,9.17760736,2025-02-09 12:49:52.042586327,s,l,
0.30950000,108.00000000,2025-02-09 13:20:11.109580040,s,m,
0.30930000,209.45577077,2025-02-09 13:20:11.109580040,s,m,
0.30990000,108.00000000,2025-02-09 13:20:56.530740976,b,l,
0.30870000,80.11968124,2025-02-09 13:31:08.085043669,s,l,
0.30900000,108.00000000,2025-02-09 13:34:36.392136097,b,l,
0.30810000,210.80238184,2025-02-09 13:44:32.414797544,s,l,
0.30730000,190.74414683,2025-02-09 13:48:23.979392290,s,l,
0.30730000,859.87870855,2025-02-09 13:48:24.032902717,s,l,
0.30700000,30.43643583,2025-02-09 13:48:28.271569014,s,l,
0.30560000,100.00000000,2025-02-09 13:53:09.102850199,s,l,
0.30630000,1101.16028495,2025-02-09 13:53:18.193128586,b,l,
0.30640000,685.27500542,2025-02-09 13:53:18.193128586,b,l,
0.30650000,2055.82501626,2025-02-09 13:53:18.193128586,b,l,
0.31120000,506.34193126,2025-02-09 13:53:18.193128586,b,l,
0.30580000,32.70111183,2025-02-09 14:00:06.794896126,s,l,
0.30570000,515.45177955,2025-02-09 14:00:06.991169691,s,l,
0.30740000,48.58114868,2025-02-09 14:00:37.724261522,b,l,
0.30690000,39.86163815,2025-02-09 14:51:18.389216185,b,l,
0.30860000,222.05313080,2025-02-09 15:49:59.613563061,s,m,
0.30540000,33.15170875,2025-02-09 19:22:34.182506323,s,l,
0.30530000,52.05339124,2025-02-09 19:27:02.202241421,s,l,
0.30530000,29.56512549,2025-02-09 19:27:02.202241421,s,l,
0.30410000,210.80238184,2025-02-09 19:34:02.190172195,s,l,
0.30370000,39.86163815,2025-02-09 19:35:05.085656881,b,l,
0.30310000,263.20597496,2025-02-09 20:02:32.324724197,s,m,
0.30470000,32.81916638,2025-02-09 20:04:40.963350773,s,l,
0.30480000,50.18979400,2025-02-09 20:04:50.725886106,b,m,
0.30550000,45.75562700,2025-02-09 20:05:08.815475702,b,m,
0.30520000,45.69233700,2025-02-09 20:05:12.117484570,b,m,
0.30540000,241.48099600,2025-02-09 20:06:16.842825651,b,m,
0.30660000,1703.10719105,2025-02-09 20:35:22.668998003,b,l,
0.30770000,32.53090436,2025-02-09 20:44:36.160908699,b,m,
0.30400000,1717.67323940,2025-02-09 21:18:44.147760391,s,l,
0.30260000,49.57038996,2025-02-09 21:24:49.193340063,s,l,
0.30230000,30.44476427,2025-02-09 21:25:08.197269440,s,l,
0.30160000,300.00000000,2025-02-09 21:25:27.718077660,s,l,
0.30160000,108.00000000,2025-02-09 21:25:27.718077660,s,l,
0.30090000,48.58114868,2025-02-09 21:25:35.706790447,s,l,
0.30010000,206.58633419,2025-02-09 21:36:10.441488504,s,l,
0.30010000,4.21604765,2025-02-09 21:37:21.308929443,s,l,
0.29770000,30.64182650,2025-02-09 21:40:40.836033344,s,l,
0.29760000,53.40020278,2025-02-09 21:42:26.055939913,s,l,
0.29700000,841.75084175,2025-02-09 21:43:34.385043144,s,l,
0.29640000,50.60728745,2025-02-09 21:43:41.333484888,s,l,
0.29620000,210.80238184,2025-02-09 21:43:53.066169500,s,l,
0.29590000,45.71217577,2025-02-09 21:45:15.350260973,s,l,
0.29570000,44.45358763,2025-02-09 21:45:35.633621454,s,l,
0.29560000,3801.50925796,2025-02-09 21:45:44.803538799,s,l,
0.29560000,3801.50925796,2025-02-09 21:45:44.832078218,s,l,
0.29510000,5000.00000000,2025-02-09 21:48:57.818310499,s,l,
0.29500000,172.88135593,2025-02-09 21:48:58.131986856,s,l,
0.29510000,31.98976327,2025-02-09 21:49:13.185882092,b,m,
0.29320000,31.14261582,2025-02-09 22:00:52.010398388,s,l,
0.29320000,796.71079484,2025-02-09 22:03:18.796024323,s,l,
0.29310000,1705.64487135,2025-02-09 22:03:18.796024323,s,l,
0.29300000,101.45651622,2025-02-09 22:03:18.796024561,s,l,
0.29310000,796.90353164,2025-02-09 22:03:18.802995682,s,l,
0.29300000,764.80958984,2025-02-09 22:03:18.802995682,s,l,
0.29300000,2342.56968223,2025-02-09 22:03:18.803521872,s,l,
0.29300000,1100.64891269,2025-02-09 22:03:18.804169178,s,l,
0.29280000,1707.39235972,2025-02-09 22:03:37.101490974,s,l,
0.29270000,904.92901282,2025-02-09 22:03:37.101490974,s,l,
0.29280000,534.61735791,2025-02-09 22:04:59.219079494,s,l,
0.29480000,1717.67323940,2025-02-09 22:12:59.045007229,b,l,
0.29760000,47.30771700,2025-02-09 22:13:19.086475134,b,m,
0.29850000,30.02083788,2025-02-09 22:40:18.395537853,b,l,
0.30010000,210.80238184,2025-02-09 22:41:33.040970087,b,l,
0.30200000,32.70111183,2025-02-09 22:43:47.119159222,b,l,
0.30300000,108.00000000,2025-02-09 22:52:33.602345705,b,l,
0.30300000,108.00000000,2025-02-09 22:52:33.608310938,b,l,
0.30300000,108.00000000,2025-02-09 22:52:33.612280846,b,l,
0.30310000,30.02083788,2025-02-09 22:52:33.691119671,b,l,
0.30050000,14.60357648,2025-02-09 23:16:12.478650570,s,m,
0.30410000,210.80238184,2025-02-09 23:49:09.674481869,b,l,
0.30670000,53.29340238,2025-02-10 00:05:14.579794407,b,m,
0.30680000,1304.01232659,2025-02-10 00:05:14.579794407,b,m,
0.30690000,2142.69427103,2025-02-10 00:05:14.579794407,b,m,
0.30690000,1303.15899317,2025-02-10 00:14:42.070860863,b,l,
0.30690000,108.00000000,2025-02-10 00:14:42.070860863,b,l,
0.30690000,108.00000000,2025-02-10 00:14:42.076768637,s,l,
0.30690000,1099.09841966,2025-02-10 00:14:42.078661442,s,l,
0.30310000,126.00000000,2025-02-10 01:16:31.138497829,b,l,
0.30300000,108.00000000,2025-02-10 01:16:31.159799576,b,l,
0.30300000,108.00000000,2025-02-10 01:16:31.188858747,b,l,
0.30300000,108.00000000,2025-02-10 01:16:31.198400021,b,l,
0.30300000,108.00000000,2025-02-10 01:16:31.204576254,b,l,
0.30010000,210.80238184,2025-02-10 01:41:37.795785427,s,l,
0.29770000,30.44312630,2025-02-10 01:43:43.529215573,s,l,
0.29760000,53.40020278,2025-02-10 01:43:44.122403860,s,l,
0.29730000,1703.22930030,2025-02-10 01:44:36.958124638,s,l,
0.29650000,40.31714033,2025-02-10 01:45:28.111713171,s,l,
0.29620000,210.80238184,2025-02-10 01:45:31.293623447,s,l,
0.29620000,40.36423238,2025-02-10 01:45:31.293623447,s,l,
0.29630000,33.74957813,2025-02-10 01:46:03.774906158,s,l,
0.29630000,33.74957813,2025-02-10 01:46:03.962935209,s,l,
0.29640000,1397.51756583,2025-02-10 02:04:02.644854546,s,l,
0.29580000,40.41143457,2025-02-10 02:10:53.707734585,s,l,
0.29640000,1703.22930030,2025-02-10 02:43:21.353672981,b,l,
0.29840000,16.94973190,2025-02-10 03:04:40.510932921,b,m,
0.30010000,210.80238184,2025-02-10 03:30:21.498618841,b,l,
0.30120000,67.49915626,2025-02-10 03:31:48.118148327,b,l,
0.30180000,232.56953802,2025-02-10 03:32:17.908272028,s,l,
0.30160000,34.17326876,2025-02-10 03:32:40.144017458,s,l,
0.30310000,30.02083788,2025-02-10 03:32:57.710030317,b,l,
0.30410000,210.80238184,2025-02-10 03:33:05.883466005,b,l,
0.30260000,47.30771700,2025-02-10 03:33:34.011582851,s,m,
0.30460000,198.69810366,2025-02-10 03:36:54.703275681,s,m,
0.30550000,162.00000000,2025-02-10 03:37:16.653464317,s,l,
0.30510000,43.38575000,2025-02-10 03:49:35.525689363,b,l,
0.30320000,1397.51756583,2025-02-10 03:49:41.582025290,s,m,
0.30510000,32.72251309,2025-02-10 05:35:37.843520403,b,l,
0.30670000,53.29340238,2025-02-10 05:45:47.564095020,b,l,
0.30780000,30.02083788,2025-02-10 05:53:09.049565315,b,l,
0.30810000,210.80238184,2025-02-10 05:53:20.308727264,b,l,
0.30950000,132.70858177,2025-02-10 08:06:12.639558077,b,l,
0.31010000,32.17503218,2025-02-10 08:28:06.459948540,b,m,
0.30910000,1633.24867230,2025-02-10 10:20:39.851165295,s,l,
0.30820000,3504.35786406,2025-02-10 10:41:53.325645208,s,l,
0.30490000,49.19645786,2025-02-10 12:12:02.979876041,s,l,
0.30460000,126.95757000,2025-02-10 12:19:32.748232365,s,l,
0.30470000,85.83014320,2025-02-10 12:20:01.510193110,s,l,
0.30410000,210.80238184,2025-02-10 12:35:18.413226843,s,l,
0.30400000,108.00000000,2025-02-10 12:46:03.282255411,s,m,
0.30390000,60.07408191,2025-02-10 12:46:03.282255411,s,m,
0.30390000,108.00000000,2025-02-10 12:58:11.301695585,b,l,
0.30810000,210.80238184,2025-02-10 13:50:39.146299601,b,l,
0.30840000,1633.24867230,2025-02-10 13:50:40.274379492,b,l,
0.30950000,80.82592526,2025-02-10 13:51:39.776924849,b,m,
0.30700000,108.00000000,2025-02-10 14:49:03.202043295,b,l,
0.30580000,3318.66810365,2025-02-10 15:54:01.145520687,b,l,
0.30630000,1636.24459805,2025-02-10 16:00:35.311576605,s,l,
0.30520000,47.04789654,2025-02-10 16:31:27.553995848,s,l,
0.30520000,1650.37316690,2025-02-10 16:36:19.303470135,s,l,
0.30470000,5964.98171523,2025-02-10 16:41:19.884736776,b,l,
0.30470000,5.97095267,2025-02-10 16:41:19.886577606,b,l,
0.30710000,133.23289778,2025-02-10 16:52:41.945019007,s,l,
0.30610000,133.52245292,2025-02-10 17:12:23.574954033,s,l,
0.30850000,82.12874523,2025-02-10 18:26:39.173204899,s,l,
0.31080000,32.38575626,2025-02-10 19:26:52.723765850,b,l,
0.31080000,93.18241894,2025-02-10 19:26:55.562678576,s,l,
0.31080000,108.00000000,2025-02-10 19:39:24.881113291,b,l,
0.31080000,2726.63544914,2025-02-10 19:39:24.884405375,b,l,
0.31080000,108.00000000,2025-02-10 19:39:24.886474609,b,l,
0.31080000,108.00000000,2025-02-10 19:39:24.891659498,b,l,
0.30990000,32.81916638,2025-02-10 19:39:34.727080345,s,l,
0.31200000,219.81610072,2025-02-10 20:03:22.767280817,b,l,
0.31250000,30.02083788,2025-02-10 20:06:38.729544401,b,l,
0.31280000,109.65757707,2025-02-10 20:07:25.634609938,b,l,
0.31290000,31.01783512,2025-02-10 20:16:51.295242548,b,l,
0.31260000,108.00000000,2025-02-10 20:41:15.589874744,s,l,
0.31250000,108.00000000,2025-02-10 20:45:41.451336622,s,l,
0.31260000,108.00000000,2025-02-10 20:46:51.409996271,s,l,
0.31130000,3.11122000,2025-02-10 21:40:01.683777571,b,l,
0.31030000,1636.24459805,2025-02-10 21:40:14.969923973,s,m,
0.31140000,282.00000000,2025-02-10 22:57:45.938065767,b,l,
0.31140000,108.00000000,2025-02-10 22:57:47.229248524,b,l,
0.31140000,108.00000000,2025-02-10 22:57:47.232379436,b,l,
0.31140000,108.00000000,2025-02-10 22:57:47.239811659,b,l,
0.31160000,2848.67853957,2025-02-10 23:16:07.013960361,b,l,
0.31350000,108.00000000,2025-02-11 00:11:35.225813389,b,l,
0.31360000,1044.37316690,2025-02-11 00:11:39.271331072,b,l,
0.31380000,32.72251309,2025-02-11 00:26:43.780627251,b,l,
0.31400000,796.17834394,2025-02-11 00:26:50.254345178,b,l,
0.31410000,109.65757707,2025-02-11 00:26:51.730272770,b,l,
0.31460000,31.78639543,2025-02-11 00:32:06.711422682,b,l,
0.31470000,51.94928446,2025-02-11 00:35:39.108788490,b,l,
0.31480000,81.10887731,2025-02-11 00:36:40.971148968,s,l,
0.31520000,81.37149004,2025-02-11 00:37:22.265870333,b,l,
0.31600000,219.81610072,2025-02-11 00:37:31.831202745,b,l,
0.31620000,31.54574133,2025-02-11 00:47:47.508020639,b,m,
0.31600000,95.96928982,2025-02-11 00:57:25.335267067,s,m,
0.31710000,31.64556962,2025-02-11 01:00:08.375709295,b,m,
0.31730000,108.00000000,2025-02-11 01:05:54.488285065,b,l,
0.31730000,350.82504000,2025-02-11 01:05:54.488285065,b,l,
0.31610000,36.22617970,2025-02-11 01:07:29.164492369,s,m,
0.31570000,108.00000000,2025-02-11 02:12:18.644548178,s,l,
0.31570000,108.00000000,2025-02-11 02:12:18.821615934,s,l,
0.31570000,108.00000000,2025-02-11 02:12:18.923737288,s,l,
0.31550000,81.76360935,2025-02-11 02:12:39.842222452,s,m,
0.31540000,159.71738665,2025-02-11 02:12:39.842222452,s,m,
0.31480000,50.18979400,2025-02-11 02:13:11.941114426,s,m,
0.31530000,45.75562700,2025-02-11 02:13:29.619973898,s,m,
0.31370000,45.69233700,2025-02-11 02:13:33.946431875,s,m,
0.31610000,146.56837259,2025-02-11 02:16:31.122954845,b,m,
0.31440000,2971.97852894,2025-02-11 03:01:09.897711039,s,l,
0.31410000,2615.95167616,2025-02-11 03:01:11.096211433,s,l,
0.31740000,30.02083788,2025-02-11 04:41:02.415985107,b,l,
0.31940000,108.00000000,2025-02-11 04:50:40.347555876,b,l,
0.31980000,108.00000000,2025-02-11 04:57:28.361939430,b,l,
0.31980000,108.00000000,2025-02-11 04:57:28.448390484,b,l,
0.31980000,72.00000000,2025-02-11 04:57:28.749100685,b,l,
0.31990000,219.81610072,2025-02-11 04:57:29.113827705,b,l,
0.32020000,2902.97285854,2025-02-11 04:58:50.009215832,b,l,
0.32030000,2903.24934604,2025-02-11 04:58:52.306107998,b,l,
0.32230000,30.02083788,2025-02-11 05:03:30.013106823,b,l,
0.32250000,73.28418629,2025-02-11 05:03:32.261506319,b,l,
0.32310000,73.28418630,2025-02-11 05:05:13.136865377,b,l,
0.32330000,108.00000000,2025-02-11 05:10:21.136440277,b,l,
0.32330000,110.24642851,2025-02-11 05:10:21.136440277,b,l,
0.32330000,108.00000000,2025-02-11 05:10:22.857681513,b,l,
0.32350000,31.78639543,2025-02-11 05:10:22.857681513,b,l,
0.32360000,96.27102329,2025-02-11 05:10:22.857681513,b,l,
0.32350000,108.00000000,2025-02-11 05:10:24.629947662,b,l,
0.32360000,147.47504509,2025-02-11 05:10:24.629947662,b,l,
0.32250000,314.16902293,2025-02-11 05:10:38.528468132,b,l,
0.32330000,64.88929373,2025-02-11 05:12:00.980532408,b,l,
0.32310000,75.96362042,2025-02-11 05:13:36.900503397,b,m,
0.32120000,164.91378511,2025-02-11 05:14:54.802914619,s,l,
0.32180000,49.18883500,2025-02-11 05:15:05.934921741,s,m,
0.32320000,30.93102382,2025-02-11 05:15:51.041996717,b,l,
0.32330000,1546.31776160,2025-02-11 05:26:11.568121672,b,l,
0.32340000,1101.16028495,2025-02-11 05:26:11.568121672,b,l,
0.32340000,382.82498375,2025-02-11 05:26:11.568121672,b,l,
0.32390000,219.81610072,2025-02-11 05:53:44.233598948,b,l,
0.32430000,6.23493601,2025-02-11 05:55:18.826969385,b,l,
0.32500000,31.54574133,2025-02-11 05:55:51.848771811,b,l,
0.32530000,80.58282000,2025-02-11 06:15:56.878851175,b,l,
0.32550000,30.73140750,2025-02-11 06:35:36.344448090,b,m,
0.32660000,44.59974556,2025-02-11 06:49:17.161369801,s,m,
0.32730000,30.02083788,2025-02-11 06:49:26.102716923,b,l,
0.32610000,108.00000000,2025-02-11 06:49:33.205323935,s,l,
0.32600000,207.05986137,2025-02-11 06:49:33.205323935,s,l,
0.32790000,219.81610072,2025-02-11 06:52:17.273904562,b,l,
0.32800000,46.33078352,2025-02-11 06:52:20.020442247,b,l,
0.32850000,304.97102775,2025-02-11 06:52:21.253980875,b,m,
0.32900000,6.03941214,2025-02-11 07:19:33.722179174,b,m,
0.32910000,131.68787174,2025-02-11 07:21:09.486064434,b,l,
0.32750000,30.46412214,2025-02-11 07:55:26.853755951,b,m,
0.32710000,1101.16028495,2025-02-11 08:35:39.708890200,b,l,
0.32680000,40.99023500,2025-02-11 08:35:55.969480038,s,m,
0.32680000,44.75710800,2025-02-11 08:35:58.807100058,s,m,
0.32550000,47.79995200,2025-02-11 08:36:17.974491835,s,m,
0.32670000,108.00000000,2025-02-11 08:36:35.161800861,s,m,
0.32660000,126.41475800,2025-02-11 08:36:35.161800861,s,m,
0.32690000,108.00000000,2025-02-11 08:36:40.228764296,s,m,
0.32690000,130.20297300,2025-02-11 08:36:40.228764296,s,m,
0.32780000,360.28717000,2025-02-11 08:54:55.225164175,b,l,
0.32770000,224.83221500,2025-02-11 08:54:57.902223110,b,m,
0.32600000,1932.94753025,2025-02-11 09:19:23.279999733,s,l,
0.32470000,81.76360935,2025-02-11 09:33:38.420062065,s,l,
0.32430000,1509.94505451,2025-02-11 09:37:18.375844717,s,l,
0.32390000,219.81610072,2025-02-11 09:41:28.280717611,s,l,
0.32290000,32.43779946,2025-02-11 09:44:21.228863239,s,l,
0.32210000,80.70644537,2025-02-11 10:04:52.461470127,s,l,
0.32150000,30.44017716,2025-02-11 10:06:36.081569910,s,l,
0.32320000,304.83344000,2025-02-11 10:19:23.041106939,b,l,
0.32290000,43.17688800,2025-02-11 10:19:24.490121126,b,m,
0.32340000,39.31990300,2025-02-11 10:19:27.504574298,b,m,
0.32350000,47.31273200,2025-02-11 10:20:16.996562481,b,m,
0.32140000,6.00000000,2025-02-11 10:51:31.513490438,s,l,
0.32060000,60.00000000,2025-02-11 11:08:16.735333920,s,l,
0.32010000,46.86035614,2025-02-11 11:11:08.100569487,s,l,
0.32010000,108.00000000,2025-02-11 11:11:26.196370840,s,l,
0.32000000,156.49452269,2025-02-11 12:10:19.866952419,s,l,
0.31990000,219.81610072,2025-02-11 12:10:22.176173210,s,l,
0.31940000,108.00000000,2025-02-11 12:11:11.500183104,s,l,
0.31910000,46.44690079,2025-02-11 12:11:14.928206205,s,l,
0.31820000,32.92292579,2025-02-11 12:17:36.211443186,s,l,
0.31800000,62.89308177,2025-02-11 12:17:39.130689858,s,l,
0.31950000,15.79971644,2025-02-11 12:47:20.290464878,b,l,
0.32020000,108.00000000,2025-02-11 12:48:28.889332771,b,m,
0.32020000,122.67292600,2025-02-11 12:48:28.889332771,b,m,
0.31660000,30.43908145,2025-02-11 13:34:09.811909437,s,l,
0.31740000,30.16591000,2025-02-11 13:37:00.349933147,b,l,
0.31600000,219.81610072,2025-02-11 13:44:51.039689541,s,l,
0.31560000,81.60026268,2025-02-11 13:46:46.444839239,s,l,
0.31540000,108.00000000,2025-02-11 13:47:10.415748835,b,l,
0.31500000,317.46031746,2025-02-11 13:49:27.782854080,b,m,
0.31480000,20.13565819,2025-02-11 13:50:04.536057472,b,l,
0.31420000,33.33396530,2025-02-11 13:50:08.541360378,s,l,
0.31410000,33.34871905,2025-02-11 13:50:09.827968121,s,l,
0.31400000,33.36348587,2025-02-11 13:50:23.971964836,s,l,
0.31380000,33.37826577,2025-02-11 13:50:24.883880138,s,l,
0.31410000,125.05530375,2025-02-11 13:51:29.127219914,s,l,
0.31350000,47.84688996,2025-02-11 13:54:31.929513454,s,l,
0.31200000,219.81610072,2025-02-11 13:55:18.185784101,s,l,
0.31180000,30.43777896,2025-02-11 13:55:22.599871159,s,l,
0.31150000,20.13565819,2025-02-11 13:55:24.371598482,s,l,
0.31150000,47.28007215,2025-02-11 14:00:58.176080704,s,l,
0.31390000,16.55740209,2025-02-11 14:11:49.944730520,s,l,
0.31390000,385.44259791,2025-02-11 14:11:49.944730520,s,l,
0.31430000,31.80661577,2025-02-11 14:11:57.911764383,b,l,
0.31500000,108.00000000,2025-02-11 14:12:03.433284998,b,m,
0.31510000,126.48934100,2025-02-11 14:12:03.433284998,b,m,
0.31490000,141.55424841,2025-02-11 14:12:10.322685242,b,l,
0.31480000,48.58983000,2025-02-11 14:12:36.880976677,b,m,
0.31470000,44.32900300,2025-02-11 14:12:55.731126070,b,m,
0.31470000,44.37888900,2025-02-11 14:12:58.168937683,b,m,
0.31450000,108.00000000,2025-02-11 14:20:11.076098442,b,l,
0.31550000,108.00000000,2025-02-11 14:46:04.183876514,s,l,
0.31560000,108.00000000,2025-02-11 14:46:04.186501980,s,l,
0.31600000,15.91442377,2025-02-11 14:46:51.819863558,b,l,
0.31600000,219.81610072,2025-02-11 14:46:51.819863558,b,l,
0.31710000,1454.28442583,2025-02-11 15:02:16.277535439,b,l,
0.31410000,1608.13884358,2025-02-11 15:07:31.524181843,s,l,
0.31400000,92.75864000,2025-02-11 15:08:55.648952007,b,l,
0.31420000,40.44694191,2025-02-11 15:09:49.912465334,b,l,
0.31520000,41.84286941,2025-02-11 15:25:33.174199581,b,l,
0.31450000,126.00000000,2025-02-11 15:33:09.106719494,b,l,
0.31350000,108.00000000,2025-02-11 16:36:01.969540834,b,l,
0.31390000,108.00000000,2025-02-11 16:36:06.862528086,b,l,
0.31380000,108.00000000,2025-02-11 16:36:09.287953138,b,l,
0.31280000,1815.36597911,2025-02-11 17:00:10.336378098,s,m,
0.31270000,902.89433428,2025-02-11 17:00:10.336378336,s,m,
0.31200000,219.81610072,2025-02-11 17:06:27.425564528,s,l,
0.30810000,219.81610072,2025-02-11 18:03:30.418408871,s,l,
0.30790000,91.68845139,2025-02-11 18:03:35.607475758,s,l,
0.30700000,30.43643583,2025-02-11 18:15:29.589831114,s,l,
0.30700000,48.85993486,2025-02-11 18:15:29.589831114,s,l,
0.30590000,32.69042170,2025-02-11 18:23:58.846714258,s,l,
0.30630000,271.52386826,2025-02-11 18:34:05.839528799,b,l,
0.30630000,0.27179567,2025-02-11 18:34:05.841947794,b,l,
0.30720000,108.00000000,2025-02-11 18:44:00.807310104,s,m,
0.30710000,1177.94443782,2025-02-11 18:44:00.807310343,s,m,
0.30840000,49.82395800,2025-02-11 18:44:31.085954428,b,m,
0.30840000,45.28546100,2025-02-11 18:44:52.405502796,b,m,
0.30630000,271.79566393,2025-02-11 18:50:51.654807329,s,l,
0.30530000,52.05339124,2025-02-11 19:27:56.190536499,s,l,
0.30500000,72.29508197,2025-02-11 19:27:58.282640934,s,l,
0.30590000,1608.13884359,2025-02-11 20:28:34.386787653,b,l,
0.30600000,5036.63577456,2025-02-11 20:28:39.234359026,b,l,
0.30590000,6.53808434,2025-02-11 20:47:25.874754667,s,l,
0.31100000,17.89621726,2025-02-11 22:16:05.069054842,s,l,
0.31100000,21.36378167,2025-02-11 22:16:25.588778257,b,l,
0.31060000,696.94280710,2025-02-11 22:35:12.155787468,s,l,
0.31050000,1584.31456441,2025-02-11 22:35:12.386023045,s,l,
0.30870000,1457.80235747,2025-02-11 22:38:05.125985145,b,l,
0.30870000,108.00000000,2025-02-11 22:38:05.125985145,b,l,
0.30880000,24.80829939,2025-02-11 22:38:05.125985145,b,l,
0.31120000,6.00000000,2025-02-11 22:51:50.302920341,b,m,
0.30870000,108.00000000,2025-02-11 22:54:03.904976368,s,l,
0.30750000,550.09998084,2025-02-12 00:26:20.334140301,s,l,
0.30750000,550.09998084,2025-02-12 00:26:20.334256411,s,l,
0.30750000,550.09998084,2025-02-12 00:26:20.338068008,s,l,
0.30750000,20.15343428,2025-02-12 00:26:20.338194609,s,l,
0.30620000,31.64556000,2025-02-12 00:40:42.533583164,s,l,
0.31010000,1289.97668663,2025-02-12 00:54:40.735325813,b,m,
0.31010000,108.00000000,2025-02-12 00:54:40.735325813,b,m,
0.31020000,1584.31456441,2025-02-12 00:54:40.735325813,b,m,
0.31020000,3869.93005990,2025-02-12 00:54:40.735325813,b,m,
0.31190000,397.52793613,2025-02-12 00:54:40.735325813,b,m,
0.31200000,219.81610072,2025-02-12 00:54:40.735325813,b,m,
0.31250000,30.02083788,2025-02-12 00:54:40.735326052,b,m,
0.31470000,51.94928446,2025-02-12 00:54:40.735326052,b,m,
0.31600000,219.81610072,2025-02-12 00:54:40.735326052,b,m,
0.31740000,30.02083788,2025-02-12 00:54:40.735326052,b,m,
0.31980000,94.94215397,2025-02-12 00:54:40.735326052,b,m,
0.31990000,146.69023460,2025-02-12 00:54:40.735326052,b,m,
0.31180000,30.43777896,2025-02-12 00:54:49.519466161,s,l,
0.31070000,108.00000000,2025-02-12 01:04:31.123393774,b,l,
0.31090000,111.81610072,2025-02-12 01:04:31.123393774,b,l,
0.30870000,108.00000000,2025-02-12 01:13:31.887774944,b,l,
0.30910000,108.00000000,2025-02-12 01:16:48.258519650,b,l,
0.30810000,219.81610072,2025-02-12 01:22:33.775708199,s,l,
0.30820000,1594.59564529,2025-02-12 01:30:28.648549080,s,l,
0.30700000,30.43643583,2025-02-12 02:56:33.548184156,s,l,
0.30840000,54.08560311,2025-02-12 06:12:09.565398932,b,m,
0.30880000,6.00000000,2025-02-12 06:24:27.169245958,s,l,
0.30650000,1671.87726170,2025-02-12 06:33:30.799530029,s,l,
0.31180000,32.07184092,2025-02-12 09:07:36.798002720,b,m,
0.30940000,594.45153495,2025-02-12 09:07:43.270764828,s,l,
0.30900000,550.08182745,2025-02-12 09:10:30.086671829,s,l,
0.30790000,500.00000000,2025-02-12 09:13:19.246579885,s,m,
0.30830000,469.00000000,2025-02-12 09:16:02.882665634,s,m,
0.30630000,32.64773098,2025-02-12 09:46:34.874332190,s,l,
0.30620000,72.48936902,2025-02-12 09:46:34.874332190,s,l,
0.30980000,38.86969396,2025-02-12 09:50:21.334693909,b,l,
0.31080000,32.64773098,2025-02-12 10:01:06.663557768,b,l,
0.31090000,18.47869902,2025-02-12 10:01:06.663557768,b,l,
0.31030000,400.61578648,2025-02-12 10:23:29.276163340,b,m,
0.31030000,108.00000000,2025-02-12 10:23:29.276163340,b,m,
0.31040000,161.08247423,2025-02-12 10:23:29.276163340,b,m,
0.31190000,1594.59564529,2025-02-12 10:23:29.276163340,b,m,
0.31200000,219.81610072,2025-02-12 10:23:29.276163340,b,m,
0.31250000,30.02083788,2025-02-12 10:23:29.276163340,b,m,
0.31600000,219.81610072,2025-02-12 10:23:29.276163340,b,m,
0.31740000,30.02083788,2025-02-12 10:23:29.276163340,b,m,
0.31760000,442.32179679,2025-02-12 10:23:29.276163340,b,m,
0.31180000,30.43777896,2025-02-12 10:23:39.241444588,s,l,
0.30820000,108.00000000,2025-02-12 10:24:37.317187786,s,l,
0.30790000,9.23021000,2025-02-12 10:25:54.543209791,s,l,
0.30870000,258.72741037,2025-02-12 10:32:17.986724615,s,l,
0.30870000,234.23276818,2025-02-12 10:32:19.155976534,s,l,
0.30870000,208.93506668,2025-02-12 10:32:19.821324348,s,l,
0.30930000,169.77848925,2025-02-12 10:34:45.448000908,s,l,
0.30920000,1590.09838026,2025-02-12 10:34:46.299865007,s,l,
0.31190000,8.58051000,2025-02-12 10:36:08.754606247,b,l,
0.31170000,219.81610072,2025-02-12 10:44:36.028758764,b,l,
0.30810000,219.81610072,2025-02-12 10:46:21.804157495,s,l,
0.31040000,1576.58948790,2025-02-12 10:46:28.265819073,b,l,
0.31200000,219.81610072,2025-02-12 12:22:01.956561327,b,l,
0.31020000,18.16281157,2025-02-12 13:17:52.905003071,s,l,
0.30860000,1835.14390309,2025-02-12 13:30:16.945110798,s,l,
0.30850000,1702.78627358,2025-02-12 13:30:18.818474531,s,l,
0.30810000,219.81610072,2025-02-12 13:30:19.380155087,s,l,
0.30750000,443.48513360,2025-02-12 13:30:23.088583231,s,l,
0.30740000,32.53090435,2025-02-12 13:30:23.467279911,s,l,
0.30700000,30.43643583,2025-02-12 13:30:25.228949785,s,l,
0.30590000,32.69042170,2025-02-12 13:30:30.316327095,s,l,
0.30530000,52.05339124,2025-02-12 13:30:31.368446350,s,l,
0.30410000,219.81610072,2025-02-12 13:32:24.202840567,s,l,
0.30360000,38.30556908,2025-02-12 13:32:25.056558609,s,l,
0.30240000,33.06878306,2025-02-12 13:36:03.738372564,s,l,
0.30230000,30.44476427,2025-02-12 13:36:04.647741318,s,l,
0.30090000,38.65083696,2025-02-12 13:38:23.799572468,s,l,
0.30050000,49.91680533,2025-02-12 13:38:23.962626457,s,l,
0.30010000,219.81610072,2025-02-12 13:38:32.460278273,s,l,
0.30460000,219.81610072,2025-02-12 13:47:55.819704056,s,l,
0.30280000,630.00000000,2025-02-12 14:35:46.903629303,s,l,
0.30660000,244.30521488,2025-02-12 14:42:15.213309288,b,l,
0.30740000,6.00000000,2025-02-12 14:58:12.314917803,b,l,
0.30310000,1649.70704701,2025-02-12 15:06:45.535533905,s,m,
0.30300000,1369.83301163,2025-02-12 15:06:45.535533905,s,m,
0.30760000,32.34720416,2025-02-12 15:19:47.803724527,b,l,
0.30720000,108.00000000,2025-02-12 15:22:10.266046047,b,l,
0.30730000,1599.32859026,2025-02-12 15:22:10.266046047,b,l,
0.30770000,65.94290495,2025-02-12 15:22:54.876470566,b,l,
0.30780000,30.02083788,2025-02-12 15:22:55.026624918,b,l,
0.30810000,219.81610072,2025-02-12 15:24:23.091919422,b,l,
0.30940000,240.09866728,2025-02-12 15:29:30.100624800,s,l,
0.30940000,240.09866728,2025-02-12 15:29:30.102401733,s,l,
0.30940000,240.09866728,2025-02-12 15:29:30.109240294,s,l,
0.30940000,240.09866728,2025-02-12 15:29:30.111235380,s,l,
0.30940000,240.09866728,2025-02-12 15:29:30.118368149,s,l,
0.30940000,240.09866728,2025-02-12 15:29:30.121390581,s,l,
0.30940000,157.10565860,2025-02-12 15:29:30.121474266,s,l,
0.31020000,54.72691904,2025-02-12 16:03:02.405689240,s,m,
0.30880000,94.93215339,2025-02-12 16:24:59.871452570,s,m,
0.31160000,1597.69766228,2025-02-12 16:48:14.012759209,b,l,
0.31140000,34.49186118,2025-02-12 16:50:16.245921612,s,m,
0.31200000,219.81610072,2025-02-12 16:50:41.432130575,b,l,
0.31250000,30.02083788,2025-02-12 16:52:21.303476572,b,l,
0.31470000,51.94928446,2025-02-12 16:55:04.532932996,b,l,
0.31600000,219.81610072,2025-02-12 16:56:00.388230801,b,l,
0.31490000,35.58218528,2025-02-12 17:09:07.943013191,s,l,
0.31450000,35.61975742,2025-02-12 17:16:43.333567142,s,l,
0.31590000,1575.94995745,2025-02-12 17:23:20.391940594,s,l,
0.31740000,30.02083788,2025-02-12 17:28:37.171620131,b,l,
0.31810000,59.98507642,2025-02-12 17:28:46.990997553,b,m,
0.31810000,254.67823383,2025-02-12 17:28:46.990997553,b,m,
0.31650000,157.38117721,2025-02-12 17:35:03.708482265,s,l,
0.31630000,45.28546100,2025-02-12 17:35:24.588935375,s,m,
0.31620000,49.82395800,2025-02-12 17:35:41.566509962,s,m,
0.31690000,108.00000000,2025-02-12 17:43:52.602512836,b,l,
0.31590000,32.15589176,2025-02-12 18:38:54.891174316,s,m,
0.31690000,35.46649770,2025-02-12 18:40:59.576831579,s,l,
0.31730000,145.78881992,2025-02-12 19:22:32.940091133,s,l,
0.31870000,1575.94995733,2025-02-12 19:27:16.030868530,b,l,
0.31980000,42.35912641,2025-02-12 19:28:11.528109789,b,m,
0.31950000,42.35912641,2025-02-12 19:43:54.456481934,s,m,
0.32050000,224.21539379,2025-02-12 19:45:25.935739756,b,l,
0.32120000,233.53491790,2025-02-12 19:46:38.310626268,b,l,
0.32160000,15.74376856,2025-02-12 19:48:00.433590889,b,m,
0.32200000,108.00000000,2025-02-12 19:48:00.433590889,b,m,
0.32200000,18.23037151,2025-02-12 19:48:00.433590889,b,m,
0.32230000,30.02083788,2025-02-12 19:50:54.701465607,b,l,
0.32270000,108.00000000,2025-02-12 19:51:11.494467497,b,l,
0.32270000,30.98853425,2025-02-12 19:52:06.503904581,b,l,
0.32270000,82.96140257,2025-02-12 19:54:15.666563511,b,l,
0.32130000,42.13254066,2025-02-12 20:02:43.509669304,s,m,
0.32100000,141.97414007,2025-02-12 20:05:30.530755997,s,m,
0.32380000,363.21575500,2025-02-12 20:20:21.406552076,s,l,
0.32400000,59.09856280,2025-02-12 20:26:04.656425238,b,l,
0.32400000,21.60788257,2025-02-12 20:26:08.583209038,b,l,
0.32660000,108.00000000,2025-02-12 20:26:42.997402191,b,m,
0.32670000,33.97414007,2025-02-12 20:26:42.997402191,b,m,
0.32650000,108.00000000,2025-02-12 20:26:43.785338640,b,l,
0.32240000,497.09836124,2025-02-12 20:35:36.204176188,s,l,
0.32180000,1553.55978413,2025-02-12 20:35:38.612790346,s,m,
0.32180000,37.05087273,2025-02-12 20:35:38.612790346,s,m,
0.32180000,1501.96186017,2025-02-12 20:35:39.153766870,s,m,
0.32180000,74.62762773,2025-02-12 20:35:39.153766870,s,m,
0.32210000,35.46649770,2025-02-12 20:35:43.558818817,s,l,
0.32210000,21.36378167,2025-02-12 20:35:44.824413776,s,l,
0.31960000,44.37888900,2025-02-12 20:36:03.209098577,s,m,
0.32080000,116.27161711,2025-02-12 20:36:23.854575157,s,m,
0.32080000,154.04749103,2025-02-12 20:36:23.854575157,s,m,
0.31990000,48.58983000,2025-02-12 20:37:16.206187248,s,m,
0.32200000,652.97385461,2025-02-12 20:43:53.217082739,b,l,
0.32200000,899.82117644,2025-02-12 20:43:53.222267628,s,l,
0.32200000,235.40778258,2025-02-12 20:44:15.715991735,b,m,
0.31950000,132.99959951,2025-02-12 20:44:23.607173920,s,m,
0.31930000,101.48974149,2025-02-12 20:44:23.607173920,s,m,
0.31970000,141.83216592,2025-02-12 20:47:59.448431492,b,l,
0.31970000,0.14197415,2025-02-12 20:47:59.448557615,b,l,
0.32040000,1150.58013390,2025-02-12 21:04:27.318735123,s,l,
0.32200000,664.41339386,2025-02-12 21:15:07.815097332,b,l,
0.32210000,31.80661577,2025-02-12 21:15:12.515782833,b,l,
0.32250000,44.32900300,2025-02-12 21:15:24.538084507,s,m,
0.32200000,393.55770926,2025-02-12 21:26:31.382980347,s,l,
0.32180000,150.00000000,2025-02-12 21:39:54.268429994,s,l,
0.32200000,173.00000000,2025-02-12 21:40:09.002349138,s,l,
0.32300000,1145.49639199,2025-02-12 21:46:46.384048700,s,l,
0.32320000,1124.19329392,2025-02-12 21:48:23.678473234,s,l,
0.32720000,212.95465000,2025-02-12 21:52:26.885013819,b,l,
0.32240000,715.63926723,2025-02-12 21:54:35.946169853,s,l,
0.32220000,656.22203853,2025-02-12 21:55:08.295711994,s,l,
0.32390000,652.97385461,2025-02-12 21:56:44.797642946,b,m,
0.32540000,886.60654115,2025-02-12 21:56:44.797642946,b,m,
0.32260000,785.47804267,2025-02-12 22:05:17.278539419,s,l,
0.32310000,633.68442464,2025-02-12 22:15:03.366851091,s,l,
0.32310000,311.66292134,2025-02-12 22:15:03.370158434,s,l,
0.32280000,832.88053231,2025-02-12 22:16:00.145919323,s,l,
0.32230000,612.04497064,2025-02-12 22:17:22.691716671,s,l,
0.32370000,46.08248847,2025-02-12 22:18:43.162027121,b,l,
0.32730000,30.02083788,2025-02-12 22:26:22.481657028,b,l,
0.32800000,30.48780488,2025-02-12 22:26:27.313742876,b,l,
0.32800000,15.84297864,2025-02-12 22:27:21.026597023,b,l,
0.32800000,56.36577289,2025-02-12 22:27:21.026597023,b,l,
0.32950000,108.00000000,2025-02-12 22:27:21.026597023,b,l,
0.32960000,423.64994418,2025-02-12 22:27:21.026597023,b,l,
0.32930000,45.07211537,2025-02-12 22:29:39.062281132,b,l,
0.32810000,50.00000000,2025-02-12 22:30:52.565951586,s,m,
0.33000000,757.57575757,2025-02-12 22:32:01.551126480,b,l,
0.33050000,1560.59900772,2025-02-12 22:32:18.844743967,b,l,
0.33060000,2194.77765326,2025-02-12 22:32:22.366763592,b,l,
0.33040000,46.08248847,2025-02-12 22:32:33.693755388,s,l,
0.33120000,49.36232974,2025-02-12 22:36:45.523924589,b,l,
0.33180000,30.98853425,2025-02-12 22:37:12.140447140,b,l,
0.33240000,30.02083788,2025-02-12 22:37:40.478948593,b,l,
0.33310000,30.02101472,2025-02-12 22:42:49.831860542,b,l,
0.33050000,82.00303256,2025-02-12 22:43:02.211653948,s,m,
0.32830000,46.89323028,2025-02-12 22:44:07.186220884,s,m,
0.32860000,141.55424841,2025-02-12 22:44:17.883959293,s,l,
0.32880000,4965.84477376,2025-02-12 22:44:18.715728283,s,m,
0.32870000,1486.69294128,2025-02-12 22:44:18.715728283,s,m,
0.32770000,61.03143119,2025-02-12 22:44:18.715728283,s,m,
0.32660000,15.26293237,2025-02-12 22:44:18.715728283,s,m,
0.32650000,30.44107445,2025-02-12 22:44:18.715728283,s,m,
0.32420000,30.84515732,2025-02-12 22:44:18.715728283,s,m,
0.32150000,30.44017716,2025-02-12 22:44:18.715728283,s,m,
0.31980000,818.72331366,2025-02-12 22:44:18.715728283,s,m,
0.31970000,141.97414007,2025-02-12 22:44:18.715728283,s,m,
0.31920000,34.46115289,2025-02-12 22:44:18.715728521,s,m,
0.31910000,46.44690079,2025-02-12 22:44:18.715728521,s,m,
0.31880000,1005.92037657,2025-02-12 22:44:18.715728521,s,m,
0.32630000,1005.92037657,2025-02-12 22:44:19.538676500,b,l,
0.32840000,95.79411509,2025-02-12 22:44:20.778170824,b,l,
0.32850000,30.02083788,2025-02-12 22:44:25.937886238,s,l,
0.32850000,46.33078352,2025-02-12 22:44:27.737964392,s,l,
0.32950000,230.67292600,2025-02-12 22:45:10.647530794,s,m,
0.33200000,268.07228916,2025-02-12 22:47:01.223725796,s,l,
0.32900000,270.51671733,2025-02-12 22:48:27.222590208,s,l,
0.32840000,95.79411509,2025-02-12 22:48:40.162524223,s,l,
0.32840000,35.43187921,2025-02-12 22:48:40.162524223,s,l,
0.33070000,32.20217307,2025-02-12 22:50:35.779299974,b,l,
0.32750000,112.46870764,2025-02-12 23:02:40.742104053,s,m,
0.32740000,35.53535750,2025-02-12 23:20:39.686867476,s,l,
0.32650000,35.63944198,2025-02-12 23:31:19.892851591,s,l,
0.32630000,1005.92037657,2025-02-12 23:31:40.103481531,s,l,
0.32560000,45.07211537,2025-02-12 23:31:47.417691708,s,l,
0.32560000,603.85869571,2025-02-12 23:31:59.615146399,s,l,
0.32720000,32.20217307,2025-02-12 23:34:27.735375166,s,l,
0.32880000,15.32993691,2025-02-12 23:53:35.973166466,b,m,
0.32900000,45.51581910,2025-02-12 23:53:35.973166466,b,m,
0.32800000,79.88374630,2025-02-13 00:24:33.572038412,s,l,
0.32970000,3846.94289134,2025-02-13 01:10:58.868673086,b,l,
0.32920000,37.55209881,2025-02-13 01:27:12.603151083,s,m,
0.33230000,606.57716032,2025-02-13 01:59:49.528802872,b,l,
0.33240000,30.02083788,2025-02-13 01:59:49.528802872,b,l,
0.33440000,1250.92744733,2025-02-13 01:59:49.528802872,b,l,
0.33450000,1568.69597384,2025-02-13 01:59:49.528802872,b,l,
0.33620000,45.21147713,2025-02-13 01:59:49.528802872,b,l,
0.33660000,60.84575601,2025-02-13 01:59:49.528802872,b,l,
0.33730000,538.58900649,2025-02-13 01:59:49.528802872,b,l,
0.33760000,30.02083788,2025-02-13 01:59:49.528802872,b,l,
0.33820000,415.05026611,2025-02-13 01:59:49.528802872,b,l,
0.33820000,156.03193377,2025-02-13 01:59:49.528802872,b,l,
0.33820000,201.86280308,2025-02-13 01:59:49.528802872,b,l,
0.33830000,1353.91280801,2025-02-13 01:59:49.528803110,b,l,
0.33850000,91.05244591,2025-02-13 01:59:49.528803110,b,l,
0.33970000,48.11928563,2025-02-13 01:59:49.528803110,b,l,
0.34130000,97.81362218,2025-02-13 01:59:49.528803110,b,l,
0.34280000,30.02083788,2025-02-13 01:59:49.528803110,b,l,
0.34460000,44.10546844,2025-02-13 01:59:49.528803110,b,l,
0.34610000,97.87270622,2025-02-13 01:59:49.528803110,b,l,
0.34770000,255.04240589,2025-02-13 01:59:49.528803110,b,l,
0.33670000,30.44246703,2025-02-13 01:59:59.265613078,s,l,
0.33520000,44.21600848,2025-02-13 01:59:59.650595188,s,l,
0.33160000,30.44178145,2025-02-13 02:00:00.117031336,s,l,
0.33090000,1585.76247582,2025-02-13 02:00:06.313120604,s,l,
0.32980000,158.04474572,2025-02-13 02:05:05.829180241,s,l,
0.32980000,204.46683324,2025-02-13 02:05:05.829180241,s,l,
0.33240000,30.06614553,2025-02-13 02:05:06.348620892,b,l,
0.32960000,48.21571707,2025-02-13 02:05:08.919816971,s,l,
0.32960000,420.55383264,2025-02-13 02:05:15.490266562,s,l,
0.33260000,60.50364147,2025-02-13 02:08:36.124599218,b,m,
0.33050000,30.59428268,2025-02-13 02:08:37.271282673,s,l,
0.33180000,63.34841628,2025-02-13 02:13:28.419399977,b,m,
0.32790000,108.00000000,2025-02-13 02:26:45.859015703,s,l,
0.32700000,45.32478912,2025-02-13 02:45:28.945810080,s,l,
0.32700000,61.16207952,2025-02-13 02:45:28.945810080,s,l,
0.32710000,30.19889875,2025-02-13 02:51:33.552274227,s,l,
0.32680000,61.49340739,2025-02-13 02:52:24.985663414,s,l,
0.32670000,61.52163059,2025-02-13 02:52:25.783061981,s,l,
0.32650000,61.54987971,2025-02-13 02:52:28.301815510,s,l,
0.32650000,30.44107445,2025-02-13 02:52:28.301815510,s,l,
0.32640000,61.57815479,2025-02-13 02:52:37.442985773,s,l,
0.33050000,342.00000000,2025-02-13 03:06:00.362844706,s,l,
0.33050000,1208.13589039,2025-02-13 03:06:00.363695621,s,l,
0.32750000,108.00000000,2025-02-13 03:16:35.050793409,s,l,
0.32750000,108.00000000,2025-02-13 03:16:35.057363510,s,l,
0.32970000,6.00000000,2025-02-13 04:34:43.750049353,b,l,
0.32650000,199.03235090,2025-02-13 04:35:39.859519958,s,l,
0.32620000,61.60645585,2025-02-13 04:37:23.192039967,s,l,
0.32620000,30.28221883,2025-02-13 04:37:23.192039967,s,l,
0.32610000,61.63478294,2025-02-13 04:53:35.239151478,s,l,
0.32320000,30.56330378,2025-02-13 05:03:42.640190840,s,l,
0.32380000,314.66331025,2025-02-13 05:19:05.765695572,s,m,
0.32240000,108.00000000,2025-02-13 05:58:10.617396355,s,l,
0.32150000,30.45975838,2025-02-13 06:30:43.007031441,s,l,
0.32030000,65.56353419,2025-02-13 06:34:44.160781860,s,l,
0.31910000,46.44690079,2025-02-13 06:46:01.682120800,s,l,
0.32220000,27.87786717,2025-02-13 06:49:44.274905682,s,l,
0.32060000,228.73991300,2025-02-13 06:50:17.645403862,b,m,
0.31800000,27.87786717,2025-02-13 06:51:16.503696680,s,l,
0.31720000,53.94517789,2025-02-13 08:39:51.226441145,s,l,
0.31680000,66.62080548,2025-02-13 08:48:02.487443686,s,l,
0.31660000,30.43908145,2025-02-13 08:48:42.649928570,s,l,
0.31660000,66.65473687,2025-02-13 08:48:42.649928570,s,l,
0.31640000,66.68870283,2025-02-13 08:48:43.353028536,s,l,
0.31630000,66.72270343,2025-02-13 08:48:43.635809660,s,l,
0.32050000,85.74102964,2025-02-13 08:59:59.621397495,b,m,
0.32060000,6.00000000,2025-02-13 09:55:43.496272326,s,l,
0.32190000,33.46338421,2025-02-13 10:17:49.946119070,b,m,
0.32010000,685.53014682,2025-02-13 10:41:28.478353262,s,l,
0.32100000,3.03460000,2025-02-13 12:08:41.002214193,b,l,
0.31700000,108.00000000,2025-02-13 12:57:19.017882347,s,l,
0.31690000,5904.84235657,2025-02-13 12:57:23.242403030,s,l,
0.31970000,31.40245926,2025-02-13 13:30:10.804605246,b,l,
0.31990000,683.41302427,2025-02-13 13:30:11.150002480,b,l,
0.31950000,93.89671361,2025-02-13 13:52:21.500126362,s,l,
0.31650000,108.00000000,2025-02-13 14:07:13.760866642,s,l,
0.31630000,1474.54801331,2025-02-13 14:07:32.421339989,s,l,
0.31630000,816.34893658,2025-02-13 14:07:32.659654856,s,l,
0.31630000,816.34893658,2025-02-13 14:07:36.045765638,s,l,
0.31630000,1474.54558060,2025-02-13 14:07:38.579109430,s,l,
0.31630000,1474.54558060,2025-02-13 14:07:38.609347820,s,l,
0.31620000,3379.52336632,2025-02-13 14:07:43.754762173,s,l,
0.31620000,2538.39106378,2025-02-13 14:07:43.760878086,s,l,
0.31400000,796.17834394,2025-02-13 14:10:14.491011620,s,l,
0.31370000,70.29008607,2025-02-13 14:15:19.011557579,s,l,
0.31630000,3.48369000,2025-02-13 14:36:01.362373352,b,l,
0.31630000,44.16277900,2025-02-13 14:36:03.469485760,b,m,
0.31630000,44.12493500,2025-02-13 14:36:05.826864243,b,m,
0.31730000,48.38530200,2025-02-13 14:36:23.798530579,b,m,
0.31530000,31.67420814,2025-02-13 14:40:21.554689884,b,m,
0.31850000,4.33064000,2025-02-13 15:36:15.049316883,b,l,
0.31180000,30.43777896,2025-02-13 16:29:15.801596165,s,l,
0.31150000,39.70172645,2025-02-13 16:29:25.232951641,s,l,
0.31420000,1591.11290710,2025-02-13 17:41:13.191115856,s,m,
0.31410000,2554.84411975,2025-02-13 17:41:13.191115856,s,m,
0.31730000,86.71378136,2025-02-13 17:41:55.617068768,b,m,
0.31740000,30.02083788,2025-02-13 17:41:55.617068768,b,m,
0.31890000,108.00000000,2025-02-13 17:41:55.617068768,b,m,
0.31920000,9.90403076,2025-02-13 17:41:55.617068768,b,m,
0.31830000,14.78855210,2025-02-13 17:42:01.950318336,b,l,
0.31260000,31.59967940,2025-02-13 18:06:09.168753386,s,m,
0.31250000,108.00000000,2025-02-13 18:06:09.168753386,s,m,
0.31250000,1599.70366970,2025-02-13 18:06:09.168753386,s,m,
0.31240000,60.69665090,2025-02-13 18:06:09.168753386,s,m,
0.31550000,1262.58480622,2025-02-13 18:08:26.807880640,b,l,
0.31560000,108.00000000,2025-02-13 18:08:26.807880640,b,l,
0.31580000,200.11277348,2025-02-13 18:08:26.807880640,b,l,
0.31320000,108.00000000,2025-02-13 19:53:18.336839914,b,l,
0.31320000,17.10377334,2025-02-13 19:53:18.340918064,b,l,
0.31780000,31.59967940,2025-02-13 20:34:08.911096096,b,m,
0.31790000,157.25945147,2025-02-13 20:34:08.911096096,b,m,
0.31790000,108.00000000,2025-02-13 20:34:08.911096096,b,m,
0.31800000,471.77835403,2025-02-13 20:34:08.911096096,b,m,
0.31920000,5.93381734,2025-02-13 20:34:08.911096096,b,m,
0.32200000,1048.88028323,2025-02-13 20:34:08.911096096,b,m,
0.31730000,18.90954933,2025-02-13 20:47:28.643407345,s,l,
0.31340000,18.95504142,2025-02-13 20:47:31.131769419,s,m,
0.31470000,213.96321962,2025-02-13 23:04:06.095032215,s,m,
0.32080000,15.72456105,2025-02-14 03:49:32.344472170,b,l,
0.32080000,1585.76247576,2025-02-14 03:49:32.344472170,b,l,
0.32000000,6.28452000,2025-02-14 04:01:11.170292616,b,l,
0.31840000,3.71198000,2025-02-14 05:00:33.036386013,b,l,
0.31840000,78.51758793,2025-02-14 05:01:09.356223345,b,m,
0.31940000,7.29024000,2025-02-14 05:13:50.064860106,b,l,
0.31990000,93.95552772,2025-02-14 05:20:36.006489277,b,m,
0.31730000,56.72864797,2025-02-14 05:45:13.055979252,s,l,
0.31720000,62.79854981,2025-02-14 06:35:48.618905306,b,m,
0.31660000,62.54735561,2025-02-14 06:36:14.740886450,s,m,
0.31680000,108.00000000,2025-02-14 06:47:41.598191977,b,l,
0.32230000,30.02083788,2025-02-14 08:26:50.355547905,b,l,
0.32050000,17.27930702,2025-02-14 09:01:04.052034855,s,m,
0.32020000,256.14082000,2025-02-14 09:11:02.477241278,s,l,
0.32150000,1285.44847887,2025-02-14 09:11:18.713569403,s,m,
0.32140000,285.24910083,2025-02-14 09:11:18.713569403,s,m,
0.32420000,68.66170208,2025-02-14 10:08:34.368555069,s,m,
0.32240000,108.00000000,2025-02-14 11:04:28.399040222,b,l,
0.32190000,62.16120805,2025-02-14 11:04:46.464991808,s,l,
0.32060000,14.78855210,2025-02-14 11:18:49.779302359,s,m,
0.32170000,750.02756874,2025-02-14 11:24:52.953051805,s,m,
0.32200000,34.57516000,2025-02-14 11:44:08.214346886,b,l,
0.31930000,62.67361822,2025-02-14 12:50:36.109394789,s,l,
0.32180000,108.00000000,2025-02-14 13:33:14.110228300,b,l,
0.32180000,108.00000000,2025-02-14 13:33:14.830589294,b,l,
0.32180000,108.00000000,2025-02-14 13:33:15.363000393,b,l,
0.32180000,108.00000000,2025-02-14 13:33:15.565414429,b,l,
0.32200000,9542.04293513,2025-02-14 13:34:39.307252169,b,l,
0.32260000,108.00000000,2025-02-14 14:00:07.077631235,b,l,
0.32280000,15489.46716232,2025-02-14 14:55:36.129372597,s,l,
0.32200000,31.05590062,2025-02-14 15:12:05.890366316,b,m,
0.31900000,108.00000000,2025-02-14 15:13:35.639562368,b,l,
0.31900000,108.00000000,2025-02-14 15:13:35.642250061,b,l,
0.31900000,108.00000000,2025-02-14 15:13:35.645122290,b,l,
0.31850000,47.02597610,2025-02-14 15:15:39.805870295,b,l,
0.31800000,31.06308107,2025-02-14 15:18:10.312618017,s,l,
0.31740000,574.89314905,2025-02-14 15:18:24.031043530,s,l,
0.31760000,30.57590062,2025-02-14 15:21:53.305986404,s,m,
0.31880000,1595.71079742,2025-02-14 15:33:09.555546045,s,l,
0.31870000,1605.31687023,2025-02-14 15:33:12.961339951,s,l,
0.32160000,31.06308107,2025-02-14 17:07:04.017006159,b,l,
0.32170000,31.28607801,2025-02-14 17:08:59.622368336,b,l,
0.32140000,47.02597610,2025-02-14 17:10:42.952063084,s,l,
0.32230000,3.01420000,2025-02-14 17:30:41.468288422,b,l,
0.32340000,4.50173000,2025-02-14 17:33:42.981711626,b,l,
0.32720000,1586.70733748,2025-02-14 17:48:43.374829769,b,l,
0.32720000,108.00000000,2025-02-14 17:48:43.400497675,b,l,
0.32720000,108.00000000,2025-02-14 17:48:43.450520277,b,l,
0.32720000,108.00000000,2025-02-14 17:48:43.462762594,b,l,
0.32720000,108.00000000,2025-02-14 17:48:43.483978033,b,l,
0.32730000,30.02083788,2025-02-14 17:49:02.467333794,b,l,
0.32800000,46.33078352,2025-02-14 17:51:12.285580873,b,l,
0.32800000,47.80487804,2025-02-14 17:53:14.430791855,b,m,
0.32760000,227.08184531,2025-02-14 18:17:04.609903097,s,m,
0.32710000,78.51758793,2025-02-14 18:17:25.000077009,s,m,
0.32890000,30.38590095,2025-02-14 18:22:06.697167635,b,l,
0.32520000,108.00000000,2025-02-14 18:35:33.653387547,s,m,
0.32520000,37.04310204,2025-02-14 18:35:33.653387547,s,m,
0.32620000,108.00000000,2025-02-14 18:35:48.978703737,s,m,
0.32610000,793.05068880,2025-02-14 18:35:48.978703737,s,m,
0.32600000,704.26618143,2025-02-14 18:35:48.978703976,s,m,
0.32630000,48.38530200,2025-02-14 18:35:51.060689449,s,m,
0.32630000,234.63865000,2025-02-14 18:36:09.912966013,s,m,
0.32630000,44.12493500,2025-02-14 18:36:37.034587860,s,m,
0.32640000,44.16277900,2025-02-14 18:36:40.768446922,s,m,
0.32460000,33.12845727,2025-02-14 18:41:33.068382025,s,m,
0.32450000,3053.06497541,2025-02-14 18:41:33.068382025,s,m,
0.32650000,67.27549619,2025-02-14 18:52:08.189108610,s,l,
0.32520000,108.00000000,2025-02-14 19:30:31.352810383,b,l,
0.32380000,1607.86442340,2025-02-14 19:32:08.557095766,s,l,
0.32360000,61.80469716,2025-02-14 19:32:10.104049444,s,l,
0.32390000,108.00000000,2025-02-14 20:59:26.449663401,b,m,
0.32400000,199.50307503,2025-02-14 20:59:26.449663401,b,m,
0.32150000,30.44017716,2025-02-14 21:12:07.506333828,s,l,
0.32480000,108.00000000,2025-02-14 21:52:45.974553347,b,l,
0.32550000,1504.36615340,2025-02-14 22:02:18.744197845,b,l,
0.32150000,1632.19154877,2025-02-14 22:36:54.237917423,s,l,
0.32240000,108.00000000,2025-02-14 23:00:36.159576178,b,l,
0.32250000,108.00000000,2025-02-14 23:00:36.355801344,b,l,
0.32220000,10.00000000,2025-02-14 23:17:20.121124268,s,l,
0.32300000,1632.19154877,2025-02-14 23:18:49.583522081,b,l,
0.32100000,87.91791000,2025-02-15 00:33:47.270006418,b,l,
0.32630000,414.00000000,2025-02-15 03:03:06.575920105,s,l,
0.32610000,747.02745845,2025-02-15 03:09:26.601962328,s,m,
0.32620000,564.45677498,2025-02-15 04:59:38.411650658,b,m,
0.32730000,30.02083788,2025-02-15 05:44:07.714296341,b,l,
0.32810000,76.38252367,2025-02-15 05:46:09.682190418,b,m,
0.32540000,67.75457624,2025-02-15 06:11:03.907888174,s,m,
0.32450000,168.00000000,2025-02-15 06:46:00.693297148,s,l,
0.32450000,1624.64674961,2025-02-15 06:46:00.693297148,s,l,
0.32440000,8642.87550316,2025-02-15 06:46:14.271906853,s,l,
0.32440000,4969.94009090,2025-02-15 06:46:14.282625914,s,l,
0.32470000,1332.18888420,2025-02-15 06:47:56.105717659,b,l,
0.32470000,168.00000000,2025-02-15 06:47:56.105717659,b,l,
0.32480000,83.93163026,2025-02-15 06:47:56.105717659,b,l,
0.32570000,50.00000000,2025-02-15 07:06:47.793597460,b,l,
0.32250000,168.00000000,2025-02-15 07:11:06.249633312,s,l,
0.32250000,168.00000000,2025-02-15 07:11:06.252363443,s,l,
0.32250000,168.00000000,2025-02-15 07:11:06.254870176,s,l,
0.32250000,168.00000000,2025-02-15 07:11:06.257850884,s,l,
0.32250000,168.00000000,2025-02-15 07:11:06.262936115,s,l,
0.32250000,168.00000000,2025-02-15 07:11:06.268137932,s,l,
0.32240000,67.93528198,2025-02-15 07:15:25.434823036,s,l,
0.32150000,30.44017716,2025-02-15 09:26:44.590925217,s,l,
0.32310000,168.00000000,2025-02-15 09:50:13.858582258,b,m,
0.32320000,243.65253713,2025-02-15 09:50:13.858582258,b,m,
0.32290000,1548.98234747,2025-02-15 11:12:39.005966187,s,l,
0.32330000,168.00000000,2025-02-15 11:15:26.992194891,b,l,
0.32350000,431.67498000,2025-02-15 11:15:26.992195129,b,l,
0.32280000,30.91190108,2025-02-15 12:50:09.947478771,b,m,
0.31950000,68.55581893,2025-02-15 14:36:41.904328108,s,l,
0.31910000,46.44690079,2025-02-15 14:36:43.171646118,s,l,
0.32010000,31.33813851,2025-02-15 14:36:50.858696938,b,m,
0.32050000,6.03553000,2025-02-15 15:07:11.130040884,s,l,
0.32250000,168.00000000,2025-02-15 15:09:00.976877928,b,l,
0.32270000,117.09451503,2025-02-15 15:09:00.976877928,b,l,
0.32230000,172.62337911,2025-02-15 15:13:40.423030853,b,m,
0.32070000,112.22170896,2025-02-15 15:23:40.085409641,b,m,
0.32000000,256.25000000,2025-02-15 15:28:22.038373232,s,l,
0.31980000,168.00000000,2025-02-15 15:29:26.110906363,b,l,
0.31980000,168.00000000,2025-02-15 15:29:26.113466501,b,l,
0.31980000,168.00000000,2025-02-15 15:29:26.199301243,b,l,
0.31930000,562.19894788,2025-02-15 15:53:49.520308733,s,m,
0.32020000,31.23048094,2025-02-15 15:54:10.433237553,b,l,
0.32020000,31.23048094,2025-02-15 15:54:13.275544882,b,m,
0.31870000,1467.11404780,2025-02-15 16:29:14.252134085,s,l,
0.31860000,5611.12239220,2025-02-15 16:29:14.252134085,s,l,
0.31850000,497.99686799,2025-02-15 18:10:18.487069845,s,m,
0.32000000,168.00000000,2025-02-15 18:18:31.805594921,b,l,
0.32000000,144.85949000,2025-02-15 18:18:31.805594921,b,l,
0.31870000,1624.64674961,2025-02-15 18:31:52.784597635,b,l,
0.31820000,153.54265000,2025-02-15 20:00:25.694061279,b,l,
0.31700000,66.24605679,2025-02-15 20:23:15.737248421,s,l,
0.31660000,30.43908145,2025-02-15 20:25:21.443542957,s,l,
0.31840000,468.00000000,2025-02-15 22:19:51.226305246,s,l,
0.31900000,31.40703517,2025-02-15 22:19:55.894494057,b,m,
0.32010000,43.79775100,2025-02-15 22:21:13.264445543,b,m,
0.31890000,61.03707000,2025-02-16 00:16:02.864557505,b,l,
0.31860000,112.22170896,2025-02-16 00:21:58.514727830,s,l,
0.31860000,68.61809515,2025-02-16 00:21:59.134941339,s,l,
0.31850000,104.00528396,2025-02-16 00:21:59.134941339,s,l,
0.31930000,31.39717425,2025-02-16 00:22:06.986364365,b,m,
0.31680000,168.00000000,2025-02-16 01:49:29.611252308,s,m,
0.31680000,251.00000000,2025-02-16 01:49:29.611252308,s,m,
0.31480000,3.30000000,2025-02-16 03:28:40.635933638,s,l,
0.31480000,76.38252367,2025-02-16 03:28:42.951727867,s,m,
0.31620000,90.91166518,2025-02-16 03:44:18.534213305,b,l,
0.31750000,31.62555344,2025-02-16 03:44:22.035905600,b,m,
0.31700000,48.21098500,2025-02-16 03:44:59.349739552,b,m,
0.31750000,31.54574132,2025-02-16 04:03:40.427143812,b,m,
0.31560000,64.37361943,2025-02-16 07:13:21.795738697,s,m,
0.31750000,49.61007874,2025-02-16 07:19:58.774080515,b,m,
0.31650000,150.68417569,2025-02-16 07:37:51.742603540,s,m,
0.32050000,19.26700000,2025-02-16 08:41:25.717185736,b,l,
0.32230000,31.48234565,2025-02-16 09:34:16.755599737,b,l,
0.32230000,30.02083788,2025-02-16 09:34:16.755599976,b,l,
0.32570000,200.00000000,2025-02-16 09:58:33.860258818,b,l,
0.32550000,168.00000000,2025-02-16 10:32:14.883034468,b,l,
0.32550000,17.75569054,2025-02-16 10:32:14.883623362,b,l,
0.32640000,307.31407498,2025-02-16 10:36:37.650736809,b,m,
0.32550000,168.00000000,2025-02-16 10:56:44.388167381,s,l,
0.32460000,31.54574132,2025-02-16 10:56:46.946292162,s,l,
0.32500000,307.31407498,2025-02-16 10:57:01.572549105,s,m,
0.32680000,307.12530712,2025-02-16 11:01:40.232224464,b,m,
0.32460000,307.12530712,2025-02-16 11:02:07.908068895,s,m,
0.32440000,31.62555344,2025-02-16 11:02:11.011064768,s,l,
0.32730000,30.02083788,2025-02-16 11:14:05.834687948,b,l,
0.32780000,168.00000000,2025-02-16 11:14:08.791376829,b,l,
0.32780000,168.00000000,2025-02-16 11:14:09.025087357,b,l,
0.32660000,31.39717425,2025-02-16 11:14:14.204111576,s,l,
0.32800000,46.33078352,2025-02-16 11:16:51.976991892,b,l,
0.32810000,541.34451503,2025-02-16 11:16:51.976992130,b,l,
0.32580000,31.23048094,2025-02-16 11:17:06.216681004,s,l,
0.32720000,31.40703517,2025-02-16 11:17:11.262100697,s,l,
0.33000000,757.57575757,2025-02-16 11:35:53.732136726,b,l,
0.33000000,75.75757575,2025-02-16 11:35:53.732136726,b,l,
0.32970000,79.88374630,2025-02-16 11:37:08.705915451,b,l,
0.33010000,1383.61984522,2025-02-16 11:37:19.667391062,s,m,
0.33000000,200.50066924,2025-02-16 11:37:19.667391062,s,m,
0.33010000,31.23048094,2025-02-16 11:37:26.523773669,s,l,
0.33060000,158.43665490,2025-02-16 11:38:25.648305416,b,l,
0.33180000,30.13863774,2025-02-16 11:43:36.030367851,s,l,
0.32980000,69.09072929,2025-02-16 12:01:23.539630651,s,m,
0.32970000,10.13701315,2025-02-16 12:01:23.539630651,s,m,
0.32970000,31.33813851,2025-02-16 12:01:26.938823938,s,l,
0.32970000,38.40859464,2025-02-16 12:01:47.422670841,s,m,
0.32900000,5.38915636,2025-02-16 12:01:47.422670841,s,m,
0.32660000,30.91190108,2025-02-16 12:01:50.948673248,s,l,
0.32920000,48.21098500,2025-02-16 12:02:05.870530844,s,m,
0.33110000,30.37667071,2025-02-16 12:02:11.964570284,b,m,
0.32850000,979.02402493,2025-02-16 12:04:55.036302805,s,m,
0.32790000,228.73991300,2025-02-16 12:06:36.029124737,s,m,
0.32930000,2441.75692527,2025-02-16 13:23:40.188596249,b,l,
0.32930000,30.36744609,2025-02-16 13:23:43.245825052,b,m,
0.32930000,977.00000000,2025-02-16 13:24:45.367469311,b,l,
0.32930000,636.18793339,2025-02-16 13:32:37.489353418,b,l,
